3022 4330
198 425 298 472 rrrrroo.
347 399 431 480 Quid
455 403 524 466 ita?
550 403 643 482 Quia,
668 419 740 466 oum
761 399 795 464 id
819 422 883 464 non
906 400 1035 480 habeas,
1060 398 1145 482 quod
1167 399 1225 464 tibi
1247 416 1305 463 neo
1328 415 1387 461 usu

198 527 255 576 troo
281 513 393 576 rrrttura
417 507 458 571 sit
480 511 599 590 aptum,
624 525 688 568 uon
712 523 833 570 oareas.
858 507 983 569 etiamsi
999 505 1119 570 sentias
1135 509 1166 567 te
1176 522 1244 566 non
1260 500 1385 566 habere.

144 625 177 675 ot
200 609 267 680 lloo
291 609 499 700 promendum
523 612 619 676 etlam
642 615 738 692 atque
763 612 860 674 etiam
884 615 933 674 est
955 614 1175 692 argumentum
1203 604 1386 672 oonfirmato

197 713 261 796 illo,
286 713 326 782 do
350 733 423 798 otro,
448 716 475 780 si
498 713 650 779 mortales
681 715 778 778 animi
813 721 895 793 sunt,
931 713 1077 778 dubitare
1111 729 1173 776 non
1208 728 1386 796 possumus,

196 821 271 906 rprlo
295 823 404 886 tantus
427 821 574 884 interitus
598 821 631 882 in
647 823 748 883 morto
772 821 822 898 sit,
849 825 882 882 ut
903 838 944 882 no
960 814 1089 882 minima
1105 813 1233 900 quidem
1248 815 1386 898 suspioio

196 941 310 990 turritus
333 923 549 1006 relinquatur:
573 921 635 987 hoo
657 925 756 1005 igitur
778 923 877 1007 probe
901 922 1042 988 stabilito
1074 927 1105 986 ot
1135 920 1197 984 lixo
1228 918 1306 984 illud
1336 939 1387 982 ex-

196 1027 379 1096 outlorulum
402 1032 461 1106 est,
485 1031 520 1092 ut
544 1028 672 1107 sciatur,
697 1026 772 1110 quid
796 1030 835 1092 sit
859 1047 976 1108 carere,
993 1048 1033 1091 ne
1050 1027 1245 1107 relinquatur
1267 1021 1386 1104 aliquid

196 1133 311 1200 orrorls
335 1135 368 1198 iu
391 1131 498 1198 verbo.
546 1130 697 1196 Carere
721 1133 819 1215 igitur
842 1131 903 1196 hoo
926 1130 1102 1214 signifieat:
1127 1149 1222 1212 egere
1238 1147 1285 1207 eo,
1302 1126 1386 1209 quod

198 1235 314 1304 haltere
340 1237 429 1303 volis.
476 1235 566 1300 Inest
589 1238 673 1300 enim
703 1235 787 1301 velle
810 1239 842 1299 in
866 1235 1016 1315 aurardo,
1041 1238 1103 1300 nisi
1137 1253 1208 1298 oum
1243 1235 1288 1298 sio
1310 1238 1385 1297 tam-

195 1361 290 1426 quam
314 1343 347 1408 in
370 1339 454 1408 febri
478 1339 594 1404 dieitur
609 1340 673 1404 alia
696 1339 835 1424 quadam
858 1343 988 1405 notione
1011 1340 1110 1405 verbi.
1156 1339 1280 1402 Dioitur
1302 1339 1386 1402 enim

195 1445 257 1514 rollo
283 1443 376 1510 modo
400 1446 497 1509 etiam
520 1461 639 1524 oerore,
663 1462 735 1508 oum
758 1441 881 1524 aliquid
903 1464 966 1509 non
990 1443 1111 1508 habeas
1135 1451 1166 1506 et
1182 1462 1245 1506 non
1269 1441 1386 1506 habore

196 1557 226 1616 to
250 1549 381 1628 sentias,
406 1549 532 1613 etiamsi
554 1546 589 1611 id
618 1545 715 1613 faoile
738 1550 872 1633 patiare.
917 1548 967 1613 Ita
990 1565 1098 1612 oerore
1131 1550 1164 1611 in
1194 1551 1294 1610 morte
1323 1565 1386 1609 non

193 1651 323 1732 ‹llrrltum
358 1670 417 1717 neo
441 1653 527 1715 enim
550 1657 636 1716 esset
659 1650 847 1736 dolendum
880 1651 997 1718 dieitur
1018 1649 1115 1716 illud:
1150 1651 1233 1715 hono
1267 1669 1385 1718 oarere,

194 1753 281 1840 quod
304 1761 353 1823 est
378 1754 506 1821 malum.
553 1753 620 1820 Sed
642 1777 683 1821 uo
706 1757 800 1822 vivus
823 1755 952 1839 quidem
975 1758 1057 1822 bono
1082 1761 1179 1837 earet,
1204 1757 1232 1820 si
1263 1775 1300 1818 eo
1324 1773 1386 1818 non

194 1857 334 1942 trullgot3
359 1857 415 1924 sed
439 1861 472 1923 in
495 1861 569 1924 vivo
591 1860 737 1942 intellegi
759 1866 866 1924 tamen
890 1866 996 1944 potest
1012 1879 1111 1943 regno
1127 1867 1159 1925 te
1175 1877 1284 1924 oarere
1306 1857 1385 1942 (diei

191 1969 298 2030 rtutom
321 1961 382 2028 hoo
404 1966 438 2027 in
460 1970 492 2027 te
516 1964 594 2027 satis
618 1963 777 2028 subtiliter
798 1984 862 2029 non
886 1973 1001 2049 potest,
1024 1971 1135 2049 posset
1156 1963 1380 2045 inTarquinio,

193 2087 264 2134 nuru
287 2086 387 2150 ragno
411 2073 496 2132 esset
520 2065 697 2151 expulsus),
721 2073 755 2132 at
776 2071 810 2132 in
833 2074 957 2132 mortno
991 2088 1032 2133 ne
1065 2069 1210 2152 intellegi
1243 2065 1380 2150 quidem.

192 2173 308 2238 llorere
331 2173 416 2236 enim
447 2173 612 2236 sentientis
636 2177 693 2251 est,
728 2191 788 2236 neo
811 2192 924 2238 sensus
958 2177 990 2236 in
1025 2177 1165 2251 mortu03
1200 2191 1240 2235 ne
1274 2191 1381 2235 oarere

193 2275 321 2360 quidem
344 2277 443 2358 igitur
465 2277 498 2338 in
521 2281 645 2340 mortuo
669 2284 726 2341 est.

140 2425 172 2476 uo
297 2414 497 2495 Quamquam
520 2414 599 2496 quid
622 2434 702 2500 opus
725 2422 774 2480 est
796 2419 828 2479 iu
861 2415 922 2480 hoo
952 2416 1183 2500 philosophari,
1214 2435 1285 2480 oum
1315 2434 1381 2479 rem

195 2539 254 2586 riou
279 2539 472 2604 magnopere
495 2518 698 2603 philosophia
714 2539 809 2603 egere
825 2520 1014 2586 videamus?
1039 2520 1194 2597 Quotiens
1210 2540 1272 2584 non
1287 2517 1381 2582 modo

198 195 237 262 ,Μ
653 192 753 256 napus.
773 192 929 241 Tusculanae

192 2623 338 2690 rlrrotores
361 2625 469 2703 nostri,
493 2622 552 2688 sed
583 2623 723 2690 universi
757 2627 855 2689 etiam
890 2626 1049 2690 exereitus
1082 2623 1125 2688 ad
1154 2644 1218 2688 non
1252 2621 1381 2687 dubiam

192 2731 323 2794 tumturn
346 2729 588 2792 ooneurrerunt!
614 2727 703 2804 Quae
727 2728 855 2811 quidem
878 2732 907 2794 si
929 2731 1101 2809 timeretur,
1125 2748 1188 2793 non
1211 2727 1245 2791 L.
1264 2726 1381 2791 Brutus

189 2850 301 2898 rrrrrous
325 2849 397 2896 eum
420 2829 524 2895 reditu
547 2839 727 2914 tyrannum,
752 2853 846 2916 quem
875 2836 947 2916 ipse
978 2834 1155 2917 expulerat,
1190 2835 1223 2896 in
1257 2831 1379 2916 proelio

190 2933 392 3014 oluroldisset,
416 2954 480 2999 non
504 2953 576 2998 oum
599 2935 720 3001 Latinis
736 2934 903 3002 desertans
925 2943 1016 3022 pater
1032 2937 1161 3017 Deoius,
1178 2953 1265 3000 'oum
1290 2933 1381 2999 Etru-

189 3041 250 3104 sois
274 3035 369 3118 lilius,
394 3058 464 3102 oum
487 3037 611 3122 Pyrrho
635 3058 735 3123 nepos
759 3058 793 3104 se
817 3041 956 3106 hostium
978 3041 1051 3106 telis
1082 3042 1282 3120 obiecissent,
1317 3058 1380 3103 non

190 3163 251 3208 runo
275 3141 359 3206 bello
383 3162 439 3225 pro
463 3145 567 3226 patria
589 3142 741 3209 cadentes
766 3144 934 3230 Scipiones
954 3145 1111 3230 Hispania
1132 3144 1276 3226 vidisset,
1300 3132 1380 3208 Pauss

189 3245 251 3312 lom
275 3254 306 3310 et
330 3245 499 3310 Geminum
521 3245 660 3330 (ianuae,
686 3248 828 3314 Venusia
850 3249 1046 3328 Mareellum,
1077 3248 1191 3314 Litana
1217 3247 1378 3326 Albinum,

189 3349 305 3414 lituoani
331 3349 519 3416 Graoohnm.
567 3351 653 3416 Num
676 3353 749 3436 quis
772 3353 885 3418 horum
909 3354 1007 3418 misor
1021 3352 1141 3419 hodie?
1164 3352 1215 3417 Ne
1230 3360 1298 3418 tum
1314 3351 1379 3433 qui-

186 3453 258 3520 rlom
282 3461 354 3538 post
378 3454 526 3539 spiritum
549 3462 745 3541 extremum;
768 3478 828 3524 neo
852 3457 940 3522 enim
962 3463 1152 3542 potestesse
1176 3456 1273 3522 miser
1295 3454 1379 3539 quis.
1485 3491 1500 3514 .-

134 3571 166 3618 oo
190 3577 286 3642 quam
310 3577 407 3623 sensu
429 3567 605 3645 perempto.
652 3561 695 3626 At
716 3561 750 3626 id
781 3562 885 3646 ipsum
908 3561 1054 3627 odiosum
1088 3567 1144 3644 est,
1179 3560 1246 3625 sine
1281 3579 1378 3625 sensu

186 3681 266 3730 osse.
311 3659 472 3746 Odiosum,
499 3664 528 3730 si
550 3661 584 3732 id
609 3672 696 3730 esset
719 3685 838 3730 emere.
886 3666 965 3732 Oum
995 3684 1072 3730 vero
1102 3664 1307 3749 perspicuum
1336 3662 1378 3728 sit

187 3765 263 3832 nihil
287 3784 382 3852 posse
407 3767 439 3832 in
461 3787 499 3833 oo
523 3788 605 3850 esse,
629 3769 683 3851 qui
707 3768 776 3853 ipse
798 3790 861 3835 non
887 3770 937 3848 sit,
961 3768 1036 3852 quid
1059 3775 1166 3854 potest
1189 3787 1261 3834 esse
1283 3767 1315 3832 in
1339 3787 1377 3832 eo

185 3870 340 3950 odiosum,
365 3869 417 3953 qui
441 3891 500 3936 noo
524 3879 632 3938 eareat
654 3893 713 3938 neo
743 3875 883 3938 sentiat?
918 3874 1117 3954 Quamquam
1152 3871 1213 3937 hoe
1248 3870 1377 3954 quidem
