2986 4334
145 171 187 232 44
533 168 664 219 Somnium
683 167 808 233 Scipionis
835 169 946 222 22-24.

145 385 218 442 sunt
240 377 442 458 habitabiles,
468 397 600 460 quorum
616 377 765 442 australis
788 376 852 456 ille,
876 377 909 440 in
933 394 995 457 quo
1020 378 1073 457 qui
1097 376 1259 455 insistunt,
1283 373 1338 438 ad-

144 501 238 548 versa
260 482 353 547 vobis
376 489 494 566 urgent
515 484 664 564 vestigia,
687 479 767 546 nihil
782 479 824 544 ad
847 487 989 546 vestrum
1010 499 1129 564 genum
1154 477 1207 544 hic
1229 486 1338 568 autem

143 586 224 650 alter
246 586 407 652 subiectus
429 585 580 669 aquiloni,
615 605 711 667 quem
733 584 881 666 incolitis,
918 603 1014 650 cerne
1037 604 1132 666 quam
1166 587 1254 650 tenui
1277 603 1339 649 vos

142 698 234 775 parte
265 693 438 774 contingat.
485 689 597 756 Omnis
620 692 704 755 enim
726 695 820 769 terra,
856 707 939 770 quae
962 687 1078 754 colitur
1106 689 1249 768 anobis,
1283 709 1338 752 an-

142 800 273 877 gustata
302 795 484 872 verticibus,
520 792 674 859 lateribus
699 795 800 873 latior,
836 813 937 876 parva
960 791 1119 876 quaedam
1149 793 1257 858 insula
1287 798 1338 858 est

142 899 337 964 circumfusa
366 898 421 964 illc
444 901 533 980 mari,
573 898 659 981 quod
681 897 885 978 Atlanticum,
924 897 1009 980 quod
1040 917 1201 979 magnum,
1241 915 1338 979 quem

143 1003 305 1068 Oceanum
328 1002 497 1087 appellatis
519 1005 553 1066 in
576 1004 678 1082 terris,
702 1004 757 1084 qui
780 1009 886 1066 tamen
909 1008 999 1066 tanto
1022 1005 1152 1066 nomine
1174 1021 1271 1083 qnam
1294 1005 1337 1066 sit

91 1109 124 1160 22
143 1127 270 1191 parvus,
293 1107 394 1172 vides.
432 1106 482 1170 Ex
504 1105 555 1172 his
578 1109 657 1191 ipsis
674 1107 767 1172 cultis
790 1109 937 1188 notisque
953 1108 1045 1172 torris
1068 1126 1145 1170 num
1168 1113 1223 1170 aut
1244 1112 1336 1170 tuum

142 1217 197 1276 aut
212 1213 401 1294 cuiusquam
423 1217 565 1276 nostrum
580 1231 697 1276 nomen
712 1209 764 1276 vel
781 1209 960 1276 Caucasum
983 1211 1076 1291 hunc,
1101 1229 1195 1295 quem
1218 1212 1336 1290 cernis,

142 1315 369 1382 transcendere
391 1318 494 1402 potuit
509 1315 562 1381 vel
577 1315 666 1380 illum
682 1315 817 1399 Gangen
839 1317 1026 1381 tranatarc‘?
1051 1316 1130 1393 Quis
1145 1318 1179 1379 in
1201 1314 1335 1398 reliquis

143 1423 273 1485 orientis
295 1428 351 1485 aut
373 1419 522 1486 obeuntis
542 1419 618 1486 solis
638 1420 756 1485 ultimis
775 1426 832 1485 ant
850 1421 1010 1503 aquilonis
1028 1422 1170 1486 austrive
1189 1419 1336 1510 partibus

142 1532 230 1590 tuum
253 1544 369 1590 nomen
391 1523 527 1589 audiet?
560 1523 675 1607 quibus
698 1526 873 1608 amputatis
904 1527 1007 1590 cernis
1030 1523 1175 1609 profecto
1206 1527 1335 1606 quantis

142 1633 173 1694 in
197 1629 356 1714 angustiis
379 1635 487 1694 vestra
508 1647 544 1694 se
567 1627 670 1711 gloria
691 1627 820 1694 dilatari
841 1629 928 1696 velit.
974 1627 1041 1713 Ipsi
1063 1635 1180 1710 autem,
1216 1630 1271 1710 qui
1293 1627 1335 1693 dc

142 1735 233 1800 nobis
256 1735 439 1818 loquuntur,
463 1753 558 1817 quam
581 1735 753 1815 loquentur
775 1733 856 1799 diu‘?

91 1885 124 1938 23
248 1873 451 1952 Quin-etiam
474 1873 501 1938 si
524 1874 632 1958 cupiat
654 1873 761 1958 proles
782 1873 839 1938 illa
861 1872 1039 1938 futurorum
1060 1872 1224 1937 bominum
1247 1873 1335 1938 dein·

143 1999 218 2065 ceps
235 1977 348 2044 laudes
371 1979 637 2058 uniuscuiusque
659 1983 838 2043 nostruma
860 1979 1004 2062 patribus
1027 1985 1176 2062 acceptas
1196 1981 1335 2064 posteris

143 2081 287 2167 prodere,
311 2091 419 2148 tamen
441 2088 571 2167 propter
594 2081 757 2147 eluviones
781 2084 1029 2165 exustionesque
1051 2090 1215 2164 terrarum,
1252 2101 1334 2165 quas

142 2188 289 2254 accidere
333 2194 476 2272 tempore
521 2192 608 2252 certo
645 2205 779 2251 necesse
817 2195 874 2268 est,
921 2207 983 2251 non
1020 2189 1116 2253 modo
1160 2194 1335 2267 aeternam,

142 2291 200 2358 sed
232 2313 272 2358 ne
305 2292 486 2357 diuturnam
520 2291 649 2374 quidem
684 2292 819 2373 gloriam
852 2292 988 2374 adsequi
1022 2311 1202 2376 possumus.
1249 2292 1335 2369 Quid

141 2402 248 2462 autem
269 2399 402 2462 interest
424 2397 465 2461 ab
488 2399 538 2477 iis,
570 2398 625 2478 qui
647 2403 759 2480 postea
781 2402 963 2477 nascentur,
1001 2416 1179 2462 sermonem
1202 2395 1270 2462 fore
1293 2395 1335 2462 de

90 2512 124 2562 24
142 2509 182 2582 te,
207 2522 277 2566 cum
299 2503 396 2566 abiis
418 2501 525 2564 nullus
541 2500 647 2581 fuerit,
673 2503 815 2582 quiante
832 2503 899 2565 nati
922 2507 1002 2581 sunt,
1022 2503 1076 2582 qui
1092 2521 1151 2566 nec
1166 2501 1335 2585 pauciores

142 2614 173 2671 et
196 2611 281 2671 certe
304 2605 452 2670 meliores
475 2605 604 2668 fuerunt
626 2607 695 2684 viri,
731 2607 921 2689 praesertim
944 2624 1016 2670 cum
1047 2605 1134 2689 apud
1158 2625 1212 2670 eos
1236 2609 1334 2690 ipsos,

142 2711 300 2793 aquibus
323 2709 429 2774 audiri
451 2729 566 2774 nomen
589 2715 730 2774 nostrum
753 2716 867 2793 potest,
891 2730 984 2774 nemo
1002 2713 1097 2774 unius
1120 2714 1196 2775 anni
1218 2730 1335 2776 memo-

142 2818 221 2878 riam
245 2817 398 2896 consequi
420 2816 531 2899 possit.
567 2813 720 2879 Homines
743 2816 827 2878 enim
851 2814 1050 2899 populariter
1070 2834 1188 2879 annum
1210 2821 1335 2879 tanturn

143 2920 235 2984 modo
260 2920 345 3000 solis,
370 2919 403 2982 id
426 2925 476 2984 est
498 2921 593 2983 unius
616 2921 703 3000 astri,
727 2917 833 2982 reditu
856 2920 1043 2996 metiuntur,
1069 2939 1140 2984 cum
1163 2925 1270 2984 autem
1293 2919 1336 2983 ad

142 3023 237 3106 idem,
254 3022 340 3088 unde
357 3025 457 3089 semel
473 3021 618 3106 profecta
634 3029 716 3104 sunt,
734 3029 850 3087 cuncta
865 3031 952 3087 astra
966 3023 1120 3088 redierint
1136 3023 1336 3106 eandemque

142 3131 239 3193 totius
262 3128 345 3194 caeli
368 3127 606 3212 discriptionem
630 3129 735 3210 longis
766 3128 944 3194 intervallis
967 3130 1157 3212 rettulerint,
1191 3137 1258 3194 tum
1280 3128 1338 3195 ille

142 3252 217 3297 vere
247 3238 375 3298 vertens
398 3251 500 3297 annus
530 3233 687 3316 appellari
710 3238 833 3317 potest,
874 3235 906 3296 in
930 3252 991 3316 quo
1015 3233 1070 3298 vix
1101 3233 1209 3298 dicere
1231 3233 1337 3298 audeo

143 3357 237 3418 quam
259 3337 360 3402 multa
382 3335 547 3401 hominum
582 3337 711 3401 saecula
733 3343 912 3402 teneantur.
959 3337 1106 3420 Namque
1129 3343 1163 3401 ut
1186 3338 1262 3402 olim
1285 3337 1338 3402 de-

143 3441 237 3506 ficere
261 3443 309 3506 sol
332 3441 514 3507 hominibus
539 3443 747 3524 extinguique
769 3445 859 3507 visus
882 3449 940 3524 est,
965 3461 1036 3507 cum
1060 3442 1187 3506 Romuli
1210 3445 1337 3508 animus

142 3546 223 3610 haec
245 3548 316 3630 ipsa
338 3549 372 3610 in
395 3546 515 3630 templa
537 3548 726 3630 penetravit,
751 3547 943 3630 quandoque
966 3548 1005 3611 ab
1037 3547 1151 3612 eadem
1173 3553 1264 3632 parte
1288 3549 1336 3612 sol

143 3649 324 3733 codemque
357 3657 500 3735 tempore
534 3653 651 3715 iterum
685 3650 849 3732 defecerit,
888 3657 955 3715 tum
985 3653 1087 3733 signis
1118 3651 1264 3716 omnibus
1294 3651 1338 3716 ad

144 3757 335 3839 principium
365 3755 529 3836 stellisque
553 3758 711 3820 revocatis
742 3756 903 3840 expletum
933 3774 1052 3820 annum
1074 3754 1208 3840 habet03
1244 3757 1336 3821 ouius

143 3859 272 3941 quidem
302 3863 377 3924 anni
400 3858 541 3924 nondum
574 3860 760 3925 vicesimam
782 3869 904 3944 partem
936 3862 1018 3926 scito
1042 3879 1112 3928 esse
1135 3879 1333 3928 conversam.
