3022 4330
669 250 687 308 l,
706 248 720 312 ἓ
737 251 867 304 99νν103.
1322 248 1362 310 iii

162 464 199 522 et
222 463 308 524 esset
327 457 418 520 vultu
432 455 526 520 hilari
550 463 646 537 atque
662 457 755 535 laeto,
781 453 983 539 dixissetque
998 458 1029 520 ei
1051 452 1180 536 quidam
1197 453 1360 518 inimicus:

155 556 470 626 ‘Contemnisne
493 558 612 642 leges
634 557 863 643 Lycurgii’,
896 556 1112 644 responderit:
1141 557 1238 640 ‘ligo
1260 576 1359 622 vero

158 665 232 730 illi
277 664 490 732 maximam
527 663 706 746 gratiam
753 663 893 742 haheo,
934 661 1003 745 qui
1048 681 1105 726 me
1143 681 1189 726 ea
1226 680 1360 748 poena

158 767 416 848 multaverit,
448 787 567 850 quam
591 768 681 832 sina
712 766 975 832 mutuatione
999 773 1038 831 et
1069 765 1158 832 sine
1182 784 1358 832 versura

156 892 322 958 possem
345 871 605 938 dissolvere?
635 871 662 937 0
686 871 788 937 virum
814 870 930 956 Sparta
952 870 1103 954 dignum!
1127 876 1163 934 ut
1186 867 1264 936 mihi
1287 870 1358 952 qui-

157 976 244 1059 dem,
280 977 335 1060 qui
367 984 432 1041 tam
467 995 584 1060 magno
615 975 721 1042 animo
756 974 861 1055 inerit,
897 974 1051 1041 innocens
1086 974 1256 1040 damnatus
1287 993 1357 1040 esso

158 1079 317 1147 videatur.
365 1081 461 1146 Tales
493 1079 741 1146 innumerabiles
771 1086 879 1146 nostra
913 1079 1027 1146 civitas
1057 1078 1139 1144 tulit.
1186 1077 1251 1144 Sed
1281 1078 1356 1160 quid
1370 1096 1416 1144 ror

157 1186 263 1252 duces
285 1193 317 1253 et
346 1184 508 1273 principes
530 1185 700 1266 nominem,
732 1205 806 1250 cum
834 1183 980 1267 legiones
1010 1182 1128 1249 scribat
1151 1181 1230 1249 Oato
1261 1202 1358 1268 saepe

155 1292 283 1356 alacres
304 1291 338 1356 in
365 1311 438 1356 eum
460 1289 567 1355 locum
593 1287 762 1376 profectas,
788 1286 872 1354 unde
896 1288 1054 1356 redituras
1085 1307 1119 1354 se
1142 1307 1205 1354 non
1228 1286 1357 1352 arbitra-

155 1394 293 1460 rentur?
337 1395 411 1461 Pari
441 1394 547 1460 animo
570 1391 816 1460 Lacedaemonii
846 1393 878 1457 in
908 1391 1132 1478 Thermopylis
1163 1391 1358 1471 occiderunt,

156 1501 192 1562 in
217 1517 297 1580 quos
322 1498 518 1565 Simonides:

247 1600 329 1684 Dio,
355 1605 517 1689 hospes,
535 1603 711 1689 Spartae
731 1622 803 1668 nos
824 1607 863 1668 te
883 1601 949 1667 hic
969 1600 1133 1668 vidisse
1153 1602 1353 1682 iacentes,

290 1708 389 1772 Dum
413 1706 574 1772 sanctis
598 1706 763 1792 patriae
786 1705 957 1790 legibus
982 1705 1259 1788 obsequimur.

155 1829 186 1891 E
209 1830 324 1910 quibus
347 1849 437 1908 nnus,
464 1849 536 1894 cum
550 1828 663 1894 Perses
688 1827 787 1894 hostis
811 1829 843 1892 in
863 1828 1021 1910 colloquio
1044 1827 1178 1894 dixisset
1194 1829 1353 1911 glorians:

152 1932 305 1997 ‘Solem
335 1953 434 2019 prae
464 1933 697 1998 iaculorum
726 1932 999 1997 multitudine
1030 1939 1069 1997 et
1099 1931 1353 2016 sagittarum

155 2036 480 2118 nonvidebitis’,
505 2037 561 2100 ‘In
579 2037 884 2121 umbraigitur’,
911 2037 1022 2120 inquit,
1040 2035 1351 2120 ‘pugnabimus'

154 2141 253 2208 Viros
283 2161 510 2224 commemoro,
542 2141 644 2224 qualis
673 2139 803 2206 tandem
829 2141 999 2206 Lacaena?
1046 2159 1127 2223 quae
1158 2159 1230 2204 curn
1252 2140 1353 2204 lilium
1366 2151 1414 2202 102

154 2247 192 2309 in
215 2245 373 2330 proelium
395 2242 535 2311 misisset
558 2252 590 2310 et
613 2243 814 2310 interiectum
844 2245 997 2325 audisset,
1018 2244 1215 2324 ‘Idcirco',
1240 2245 1352 2328 inquit,

153 2354 406 2432 ‘genueram
442 2341 484 2415 ut
522 2357 643 2430 esset,
681 2350 746 2432 qui
786 2369 857 2433 pro
895 2350 1033 2432 patria
1071 2355 1239 2414 mortem
1277 2368 1351 2413 non

155 2453 380 2520 dubitaret
402 2455 666 2520 occumbere'.

248 2576 333 2656 Esto,
369 2574 469 2640 sortes
504 2583 534 2641 et
568 2575 639 2640 duri
669 2575 866 2660 Spartiatae,
902 2595 1052 2659 maguam
1082 2575 1179 2642 habet
1212 2576 1276 2640 vim
1307 2577 1351 2640 rei

154 2679 308 2766 publicae
324 2678 502 2765 disciplina.
536 2678 645 2757 Quid?
677 2679 878 2763 Cyrenaeum
892 2679 1104 2760 Theodorum,
1127 2679 1351 2766 philosophum

155 2803 225 2848 non
241 2783 425 2866 ignobilem,
443 2803 547 2849 nonne
564 2784 739 2849 miramur?
764 2785 816 2850 cui
831 2804 904 2852 curn
919 2776 1130 2869 Lysimachus
1152 2805 1210 2851 rex
1226 2803 1351 2850 crucem

154 2884 342 2971 minaretur,
363 2889 490 2970 ‘Istis
521 2891 693 2972 quaeso,'
727 2886 838 2972 inquit,
866 2889 962 2956 ‘ista
984 2889 1211 2956 horribilia
1240 2889 1350 2953 mini-

155 3001 249 3058 tare
272 2993 517 3078 purpuratis
539 2992 641 3076 tuis3
675 2993 886 3060 Theodori
910 2994 1076 3077 quidem
1100 2993 1206 3060 nihil
1231 2993 1351 3056 inter-

155 3103 234 3177 est,
268 3097 433 3162 humine
465 3119 513 3162 au
548 3098 726 3164 sublime
748 3100 1005 3183 putescat.¹
1041 3098 1139 3164 (luius
1173 3097 1233 3163 hoo
1265 3093 1351 3161 dicto

153 3199 342 3283 admoneor,
367 3208 401 3267 ut
423 3203 545 3286 aliquid
560 3202 657 3268 etiarn
680 3203 720 3268 de
743 3202 927 3269 humatione
951 3210 983 3268 et
998 3204 1161 3288 sepultura
1182 3199 1350 3267 dicendum

154 3301 351 3387 existimem,
374 3327 442 3372 rem
464 3326 526 3372 uon
557 3305 731 3388 difficilem,
756 3307 794 3372 iis
824 3307 1012 3392 praesertim
1036 3304 1181 3388 cognitis,
1206 3305 1350 3388 quaeda

152 3409 239 3476 nihii
263 3410 429 3477 sentiendo
451 3413 547 3497 paulo
561 3417 643 3476 'ante
668 3410 754 3476 dicta
776 3417 858 3477 sunt.
889 3412 940 3476 De
963 3432 1028 3494 qua
1050 3410 1198 3476 Socrates
1222 3407 1350 3491 quidem

153 3513 402 3598 quidsenserit,
425 3516 614 3601 apparetin
644 3535 681 3582 eo
705 3516 794 3597 libro,
818 3516 850 3579 in
881 3537 943 3599 quo
966 3515 1107 3596 moritur,
1131 3514 1171 3580 de
1202 3533 1264 3595 quo
1288 3513 1351 3579 ianr

151 3629 226 3686 tam
248 3621 353 3690 multa,
370 3620 517 3686 diximus.
564 3619 644 3686 Cum
666 3621 750 3686 enim
774 3620 814 3686 de
841 3620 1068 3686 inmortalitate
1091 3619 1268 3685 animorum
1291 3617 1350 3682 dis·
1364 3627 1411 3676 roa

151 3723 338 3812 putavisset
364 3734 396 3789 et
418 3724 479 3790 iani
511 3723 666 3791 moriendi
689 3732 816 3810 tempus
848 3732 985 3808 urgeret,
1009 3731 1140 3808 rogatus
1169 3745 1189 3790 a
1212 3722 1349 3804 Critone,

152 3848 254 3914 quem
268 3827 309 3896 ad
321 3829 450 3895 modum
461 3828 589 3914 sepeliri
600 3830 707 3910 vellet,
717 3828 761 3893 ‘M
770 3850 790 3895 u
800 3830 896 3894 itam
907 3832 1024 3910 vero’,
1037 3829 1149 3912 inquit,
1162 3831 1193 3894 ‘o
1203 3851 1222 3914 p
1232 3847 1249 3892 e
1258 3847 1349 3908 ram,

152 3931 293 4004 sinici,
317 3932 478 4031 frustra
500 3933 747 4018 consumpsi.
793 3933 954 3998 Critoni
980 3933 1084 3998 enim
1108 3938 1250 3997 nostro
1274 3953 1347 3998 rron
