3022 4330
650 181 671 239 Ι,
689 180 704 245 §
722 181 832 234 78-82.
1297 183 1334 245 71

142 398 219 456 sunt
243 393 327 456 enim
348 393 536 474 ignorantis,
561 410 634 454 cum
657 390 697 454 de
721 393 909 454 aeternitate
933 392 1110 454 animorum
1133 390 1266 468 dicatur,
1296 390 1336 454 dc

140 500 248 562 mente
272 494 345 576 dici,
371 513 454 576 quae
477 497 563 559 omni
586 493 712 559 turbido
735 501 822 558 motu
845 513 972 578 semper
995 499 1098 574 vacet,
1123 515 1187 560 non
1203 494 1244 559 de
1267 514 1335 578 par·-

140 600 228 665 tibus
248 601 298 678 iis,
322 601 355 663 in
389 599 504 682 quibus
539 597 770 681 aegritudines,
809 601 876 664 irae
910 596 1122 682 libidinesque
1157 605 1334 677 versentur,

140 723 220 786 quas
243 705 281 785 is,
306 710 536 784 contraquam
559 703 639 768 haec
672 701 829 783 dicuntur,
854 709 1036 769 semotasa
1069 710 1175 768 mente
1209 708 1241 767 et
1275 701 1336 767 dis-

139 809 245 873 clusas
267 813 368 892 putat.
415 807 483 872 lam
505 805 679 872 similitudo
704 809 809 891 magis
832 813 966 891 apparet
989 811 1022 872 in
1045 809 1167 889 bestiis,
1203 828 1335 898 quarum

139 915 239 978 animi
261 918 333 978 sunt
356 913 490 977 rationis
514 918 677 996 expertes3
702 913 864 976 hominum
888 918 994 978 autem
1017 912 1189 978 similitudo
1214 916 1247 977 in
1270 933 1335 978 cor-

140 1037 254 1100 porum
277 1015 382 1100 figura
405 1019 508 1100 magis
532 1023 629 1096 extat,
652 1021 684 1080 et
706 1018 769 1100 ipsi
792 1017 890 1080 animi
914 1020 1024 1100 magni
1046 1017 1145 1082 refert
1179 1019 1266 1100 quali
1300 1020 1333 1081 in

142 1141 274 1206 corpore
298 1123 394 1188 locati
417 1121 489 1188 sint.
537 1119 637 1185 Multa
659 1122 744 1186 enim
767 1141 932 1204 eoorpore
950 1122 1100 1204 existunt,
1124 1143 1208 1205 quae
1218 1129 1335 1187 acuant

141 1232 289 1306 mentem,
308 1228 420 1308 multa,
445 1245 525 1309 quae
549 1224 735 1290 obtundant.
780 1225 968 1291 Aristoteles
992 1224 1119 1308 quidem
1150 1229 1195 1291 ait
1225 1246 1335 1292 omnes

141 1332 326 1412 ingeniosos
350 1328 600 1395 melancholicos
624 1347 705 1410 esse,
728 1335 763 1393 ut
788 1348 848 1413 ego
884 1351 935 1394 me
957 1328 1130 1396 tardiorem
1165 1350 1236 1395 esse
1269 1350 1333 1394 uon

140 1435 274 1499 moleste
296 1433 406 1500 feram.
452 1434 627 1499 Enumerat
638 1433 764 1513 multos,
788 1431 884 1513 idque
902 1436 993 1516 quasi
1009 1440 1144 1525 constet,
1167 1437 1333 1514 rationem,
1438 1525 1442 1532 .

141 1559 198 1604 our
219 1541 264 1602 ita
288 1539 352 1620 fiat,
377 1538 489 1604 adfert.
537 1537 629 1614 Quod
653 1539 680 1603 si
702 1542 791 1602 tanta
813 1539 863 1602 vis
894 1537 1008 1602 estad
1041 1536 1185 1603 habiturn
1217 1540 1332 1602 mentis

140 1644 245 1722 iniis,
270 1663 351 1725 quae
374 1646 551 1726 gignuntur
573 1645 606 1706 in
630 1661 761 1727 corpore
787 1643 836 1722 (ea
866 1649 940 1707 sunt
962 1648 1078 1724 autem,
1114 1660 1332 1726 quaecumque

139 1754 222 1828 sunt,
239 1764 320 1828 quae
333 1744 574 1812 similitudinem
590 1743 734 1828 faciant),
750 1745 831 1810 nihil
846 1747 1047 1811 necessitatis
1070 1745 1185 1826 adfert,
1210 1766 1265 1810 cur
1279 1768 1332 1811 na-

140 1857 270 1916 scantur
281 1853 387 1932 animi,
404 1849 587 1916 similitudo.
634 1849 753 1916 Omitto
770 1848 1055 1916 dissimilitudines.
1102 1850 1225 1916 Vellem
1240 1848 1330 1915 ades·
1349 1862 1380 1913 81

140 1974 175 2020 se
198 1962 309 2040 posset
330 1955 513 2036 Panaetius,
538 1956 591 2039 qui
614 1958 695 2020 vixit
718 1975 789 2019 cum
812 1953 981 2020 Africano:
1006 1974 1190 2038 quaererem
1220 1976 1261 2019 ex
1283 1975 1331 2035 eo,

141 2063 232 2126 cuius
256 2079 386 2125 suorum
409 2061 520 2126 similis
544 2059 655 2125 fuisset
678 2059 821 2124 Africani
844 2057 950 2124 fratris
965 2079 1075 2144 nepos,
1100 2059 1183 2124 faeie
1207 2060 1257 2124 vel
1281 2079 1332 2142 pa-

142 2167 209 2243 tris,
233 2167 300 2228 rita
322 2167 462 2229 omnium
484 2163 680 2249 perditorum
703 2167 747 2228 ita
771 2165 892 2244 similis,
916 2169 950 2228 ut
974 2169 1059 2228 esset
1088 2161 1183 2228 facile
1206 2161 1333 2228 deterri-

142 2287 228 2351 mus;
254 2271 343 2333 cuius
370 2271 465 2333 etiam
489 2269 600 2333 similis
623 2267 657 2332 P.
683 2267 801 2347 Crassi,
836 2272 868 2332 et
902 2269 1058 2352 sapientis
1091 2274 1122 2331 et
1155 2268 1332 2350 eloquentis

141 2378 173 2438 et
194 2374 288 2457 primi
311 2371 458 2452 hominis,
482 2392 583 2458 nepos
605 2372 839 2452 multorumque
855 2373 988 2436 aliorum
1012 2373 1167 2436 clarorum
1183 2375 1331 2453 virorum,

140 2495 219 2559 quos
241 2476 323 2542 nihil
344 2479 458 2542 attinet
480 2479 652 2557 nominare,
676 2482 809 2560 nepotes
833 2483 865 2540 et
886 2473 952 2539 filii.
1002 2475 1067 2541 Sed
1090 2475 1166 2558 quid
1180 2478 1331 2559 agimus?

141 2581 281 2647 Oblitine
305 2600 413 2646 sumus
437 2581 499 2646 hoo
523 2599 606 2646 nunc
630 2580 722 2644 nobis
746 2598 818 2646 esse
842 2583 1050 2665 propositum,
1086 2599 1157 2644 cum
1191 2581 1268 2646 satis
1291 2580 1331 2645 de

140 2686 329 2750 aeternitate
352 2683 552 2765 dixissemus,
576 2704 616 2748 ne
640 2686 667 2748 si
690 2686 856 2748 interirent
880 2684 1008 2766 quidem
1031 2687 1137 2764 animi,
1163 2687 1331 2767 quicquam

139 2789 215 2853 mali
238 2807 309 2855 esse
331 2791 365 2854 in
387 2789 513 2854 morte?

243 2910 312 2993 Ego
336 2931 412 2976 vero
435 2914 650 2991 memineram,
674 2911 733 2974 sed
755 2917 787 2974 te
804 2909 844 2974 de
860 2913 1049 2976 aeternitate
1067 2910 1226 2974 dicentem
1243 2911 1330 2974 aber-

139 3035 211 3078 rare
234 3036 254 3078 a
276 3017 440 3100 proposito
465 3013 560 3079 facile
583 3014 736 3100 patiebar.

243 3135 345 3202 Video
368 3142 400 3200 te
423 3137 488 3202 alte
512 3141 658 3221 spectare
682 3142 713 3200 et
735 3137 817 3200 velle
840 3139 872 3200 in
897 3137 1180 3218 caelummigrare.
1229 3135 1328 3218 Spero
1348 3151 1382 3202 82

138 3241 208 3306 fore
231 3248 266 3306 ut
288 3243 455 3324 contingat
477 3239 512 3304 id
534 3240 635 3305 nobis.
683 3238 748 3304 Sed
763 3238 825 3320 fac,
850 3248 884 3303 ut
906 3241 961 3305 isti
975 3241 1095 3318 volunt,
1120 3241 1242 3304 animos
1266 3260 1329 3304 non

137 3365 302 3410 remanere
323 3350 397 3430 post
419 3350 568 3427 mortem3
593 3342 688 3409 video
712 3364 779 3423 nos,
804 3347 830 3408 si
852 3346 898 3408 ita
920 3345 971 3423 sit,
1002 3345 1121 3427 privari
1152 3361 1210 3427 spe
1232 3343 1330 3408 beati-

138 3451 201 3514 oris
225 3452 318 3529 vitae,
342 3450 419 3514 mali
441 3468 518 3513 vero
542 3446 619 3530 quid
641 3448 747 3512 adfert
769 3450 831 3512 ista
854 3447 1037 3513 sententia?
1068 3447 1133 3510 Fae
1169 3449 1253 3510 enim
1283 3451 1329 3513 sic

137 3556 279 3618 animum
293 3555 433 3635 interire,
457 3559 492 3616 ut
511 3571 644 3636 corpus3
668 3572 744 3616 unm
760 3555 858 3636 igitur
874 3553 990 3634 aliquis
1010 3551 1101 3616 dolor
1123 3557 1177 3616 aut
1201 3554 1327 3617 omnino

137 3664 367 3744 postmortem
390 3676 503 3722 sensus
526 3660 560 3722 in
583 3676 715 3741 corpore
739 3657 810 3722 est?
833 3657 936 3722 Nemo
948 3656 982 3720 id
1005 3655 1135 3737 quidem
1158 3654 1244 3736 dicit,
1269 3659 1328 3721 etsi

137 3762 357 3827 Democritum
379 3761 544 3826 insimulat
565 3761 732 3846 Epicurus,
750 3761 937 3826 Democritii
959 3765 1089 3842 negant.
1135 3760 1186 3825 Ne
1208 3763 1242 3824 in
1264 3763 1328 3824 ani-

137 3885 188 3929 mo
212 3864 341 3947 quidem
363 3867 460 3950 igitur
484 3885 596 3932 sensus
618 3871 777 3945 remanet;
800 3868 870 3951 ipse
894 3866 979 3930 enim
1001 3884 1159 3948 nusquam
1182 3869 1239 3929 ost.
1265 3861 1327 3927 Um
