2986 4334
185 170 228 233 30
603 170 644 218 De
661 185 687 218 te
705 168 805 234 publice
823 169 844 224 1.
864 172 906 224 50.
925 171 966 224 51.

185 374 218 440 id
251 376 282 442 in
313 381 422 462 regnis
453 379 568 456 minus,
600 395 743 460 quorum,
778 381 812 439 ut
842 377 887 440 ait
916 373 1046 454 Ennius,
1089 375 1206 440 nulla
1234 383 1384 442 sancta

185 485 371 548 societas
394 501 467 547 nec
491 479 603 547 fides
626 481 708 546 cst’
756 479 863 556 Quare
898 499 970 544 cum
1000 479 1053 544 lex
1079 481 1120 545 sit
1155 479 1259 545 civilis
1282 482 1384 547 socie»

184 587 258 652 tatis
273 587 446 668 vinculum,
471 587 521 652 ius
536 591 643 651 autcm
665 584 748 668 legis
763 583 906 667 aequale,
931 603 994 668 quo
1017 585 1085 648 iure
1100 585 1237 650 societas
1260 586 1381 650 civium

183 692 284 756 teneri
299 696 414 775 potest,
438 710 510 755 oum
526 709 584 774 par
606 689 727 754 nonsit
748 687 893 754 condicio
909 687 1050 754 civium?
1075 687 1110 754 Si
1125 691 1210 754 onim
1225 692 1381 774 pecunias

182 796 314 876 aequali
336 814 398 860 nou
422 795 540 878 placet,
571 795 600 858 si
622 795 753 876 ingenia
775 794 916 858 omnium
938 793 1028 878 paria
1050 811 1122 858 esse
1145 813 1209 858 non
1230 801 1379 878 possunt,

183 900 254 962 iura
276 904 362 964 certe
384 901 476 985 paria
499 895 617 963 debent
647 915 720 963 esse
742 915 852 962 corum
874 896 957 962 inter
979 916 1024 978 se,
1059 899 1114 982 qui
1137 903 1210 963 suut
1231 899 1320 963 cives
1345 900 1381 963 in

184 999 296 1066 eadem
326 1002 522 1087 republica.
571 1000 657 1078 Quid
686 1007 737 1066 est
759 1003 844 1066 cuim
874 1001 988 1066 civitas
1018 1003 1081 1066 nisi
1110 1003 1188 1066 iuris
1212 1002 1381 1068 societas?

774 1121 791 1157 il·

132 1249 165 1298 oo
292 1227 424 1293 (lateras
453 1247 530 1293 voro
553 1245 606 1292 res
636 1226 781 1312 publicas
804 1247 845 1292 ne
874 1227 1082 1313 appellandas
1105 1225 1234 1309 quidem
1264 1234 1381 1313 putant

115 1330 117 1334 ’
184 1335 223 1397 iis
257 1331 446 1413 nominibus,
485 1331 601 1414 quibus
634 1331 709 1396 illae
743 1349 816 1398 sese
849 1331 1006 1416 appellari
1039 1331 1146 1396 velint.
1194 1330 1257 1396 Our
1291 1334 1381 1396 euim

183 1457 321 1520 regem
343 1435 504 1523 appellem
518 1436 606 1502 Iovis
630 1438 742 1521 optimi
765 1438 892 1501 nomine
907 1435 1067 1500 hominem
1090 1433 1276 1500 dominandi
1291 1438 1381 1520 cupi-

115 1593 118 1600 .
183 1539 258 1605 dum
281 1548 335 1606 aut
365 1543 491 1626 imperii
514 1541 687 1624 singularis
718 1539 839 1626 populo
862 1559 1016 1624 oppresso
1047 1538 1274 1620 dominantem,
1312 1560 1379 1606 non

182 1652 195 1708 t
202 1665 402 1726 yrannum
424 1646 557 1730 potius?
580 1648 747 1710 tamenim
770 1664 842 1710 esse
861 1643 1001 1710 clemens
1025 1651 1182 1728 tyrannus
1199 1663 1303 1726 quamv
1318 1665 1378 1709 rex

181 1752 381 1834 importunus
397 1755 518 1834 potest3
539 1755 575 1814 ut
591 1749 654 1815 hoo
669 1749 857 1834 populorum
873 1751 1008 1828 intersit,
1025 1754 1130 1813 uuum
1146 1751 1229 1814 comi
1245 1745 1376 1814 domiuo

181 1873 222 1917 an
245 1873 359 1938 aspero
375 1856 529 1937 serviunt;
555 1855 632 1937 quin
648 1855 788 1918 serviant
810 1851 949 1935 quidem,
972 1850 1041 1918 fieri
1064 1873 1128 1918 non
1150 1858 1266 1938 potest.
1303 1851 1375 1929 Quo

181 1963 288 2024 autem
311 1958 405 2024 modo
422 1958 555 2040 adsequi
578 1963 702 2042 poterat
717 1956 916 2023 Lacedaemo
938 1957 996 2022 illa
1014 1964 1090 2038 tum,
1115 1977 1188 2022 cum
1209 1963 1374 2041 praestare

180 2062 352 2146 putabatur
374 2061 544 2147 disciplina
566 2064 613 2127 rei
636 2061 793 2145 publicae,
817 2068 852 2126 ut
867 2062 961 2126 bonis
983 2068 1125 2126 uteretur
1146 2063 1302 2145 iustisque
1326 2081 1374 2126 re·

180 2167 284 2248 gibus,
316 2187 388 2231 oum
411 2173 498 2232 esset
520 2165 687 2242 habendus
709 2185 776 2247 rex,
811 2168 1001 2248 quicumque
1024 2185 1142 2249 genere
1165 2168 1255 2248 regio
1278 2173 1374 2232 nutus

180 2271 291 2336 essct?
329 2271 412 2335 Nam
435 2272 605 2356 optimates
629 2268 759 2353 quidem
782 2272 853 2352 quis
875 2268 968 2352 forat,
999 2272 1055 2352 qui
1078 2290 1143 2334 non
1164 2269 1275 2354 populi
1298 2291 1372 2336 con-

180 2392 281 2454 cessu,
306 2374 363 2439 sed
385 2376 451 2439 suis
475 2376 612 2438 comitiis
635 2373 698 2438 hoc
722 2373 786 2438 sibi
807 2393 922 2438 nomen
944 2371 1207 2456 adrogavcrunt?

770 2494 787 2532 *

124 2618 153 2667 51
287 2596 381 2674 Quod
403 2601 432 2663 si
453 2599 536 2664 liber
558 2597 696 2684 populus
720 2587 851 2681 deliget,
876 2600 990 2680 quibus
1014 2617 1049 2664 se
1074 2600 1259 2680 committat,
1293 2597 1373 2664 deli-

177 2710 306 2786 getque,
341 2705 368 2767 si
391 2701 485 2767 modo
509 2703 618 2768 salvus
642 2722 715 2768 esse
737 2703 815 2784 vult,
850 2705 1004 2786 optimum
1026 2723 1194 2786 quemque,
1230 2709 1314 2768 certe
1337 2706 1373 2768 in

176 2809 368 2892 optimorum
391 2806 533 2872 consiliis
556 2809 661 2891 posita
683 2814 732 2872 cst
755 2808 933 2872 civitatium
957 2807 1052 2886 salus,
1084 2809 1273 2891 praesertim
1296 2827 1371 2873 cum

176 2912 242 2977 hoc
260 2916 374 2975 natura
396 2910 514 2991 tulerit,
545 2931 609 2975 non
632 2911 736 2976 solum
758 2917 793 2975 ut
815 2913 930 2976 summi
959 2913 1075 2974 virtute
1099 2918 1130 2974 et
1152 2914 1258 2980 animo
1280 2933 1371 2997 prae-

176 3022 286 3081 essent
319 3014 583 3096 inbecillioribus,
619 3013 678 3080 sed
700 3021 736 3080 ut
758 3015 793 3080 hi
820 3016 924 3082 ,etiam
946 3034 1058 3099 parcre
1092 3017 1224 3080 summis
1257 3016 1368 3081 velint

175 3119 295 3184 Varum
316 3119 402 3184 hunc
426 3122 582 3203 optimum
605 3125 723 3184 statum
745 3121 854 3204 pravis
870 3119 1033 3185 hominum
1055 3119 1258 3204 opinionibus
1281 3139 1369 3184 ever-

176 3243 246 3288 sum
269 3241 341 3288 esse
364 3223 483 3304 dicunt,
519 3226 582 3306 qui·
595 3226 798 3308 ignoratione
820 3225 957 3304 virtutis,
992 3243 1075 3305 quae
1098 3242 1171 3288 cum
1194 3225 1227 3288 in
1256 3227 1369 3308 paucis

176 3333 233 3409 est,
267 3334 377 3392 tuma
406 3329 518 3412 paucis
540 3327 700 3393 iudicatur
730 3335 762 3394 et
784 3330 932 3408 cernitur,
967 3328 1135 3412 opulentos
1158 3327 1305 3394 homines
1336 3336 1369 3393 et

176 3433 331 3515 copiosos,
366 3438 433 3496 tum
456 3452 577 3515 genere
610 3433 711 3498 nobili
733 3439 824 3498 natos
859 3451 931 3498 esse
961 3434 1094 3516 optimos
1128 3437 1251 3517 putant.
1296 3431 1368 3496 Hoc

177 3554 285 3600 errore
315 3535 406 3618 vulgi
436 3555 509 3601 cum
539 3537 793 3620 rempublicam
824 3555 901 3620 opes
924 3555 1109 3619 paucorum,
1146 3555 1211 3602 nou
1234 3539 1370 3604 virtutes

176 3645 284 3704 tenere
301 3647 481 3723 coeperunt,
497 3660 613 3704 nomen
628 3641 676 3705 illi
687 3643 848 3725 principes
864 3639 1063 3725 optimatium
1074 3639 1236 3708 mordicus
1250 3647 1369 3724 tenent,

175 3763 210 3808 rc
232 3749 340 3808 antem
355 3752 464 3809 carent
490 3765 529 3811 eo
552 3747 691 3810 nominc.
722 3745 805 3809 Nam
828 3743 971 3826 divitiae,
995 3763 1121 3825 nomen,
1145 3763 1222 3828 opes
1244 3763 1367 3813 vacuae

171 3847 303 3912 oonsilio
319 3853 351 3912 ot
373 3848 501 3914 vivendi
517 3855 613 3931 atquc
637 3848 710 3914 aliis
734 3847 912 3932 imperandi
937 3848 1032 3915 modo
1055 3846 1221 3914 dedecoris
1244 3848 1362 3931 plenae
