<?xml version="1.0" encoding="UTF-8"?>
<!DOCTYPE html PUBLIC "-//W3C//DTD XHTML 1.0 Transitional//EN"
    "http://www.w3.org/TR/xhtml1/DTD/xhtml1-transitional.dtd">
<html xmlns="http://www.w3.org/1999/xhtml" xml:lang="en" lang="en">
 <head>
  <title>
</title>
<meta http-equiv="Content-Type" content="text/html;charset=utf-8" />
  <meta name='ocr-system' content='tesseract 3.04.00' />
  <meta name='ocr-capabilities' content='ocr_page ocr_carea ocr_par ocr_line ocrx_word'/>
</head>
<body>
  <div class='ocr_page' id='page_1' title='image "auscicerosphilo00cicegoog_0071.png"; bbox 0 0 2986 4334; ppageno 0'>
   <div class='ocr_carea' id='block_1_1' title="bbox 647 159 810 226">
    <p class='ocr_par' dir='ltr' id='par_1_1' title="bbox 647 159 810 226">
     <span class='ocr_line' id='line_1_1' title="bbox 647 159 810 226; baseline 0.025 -18"><span class='ocrx_word' id='word_1_1' title='bbox 647 161 667 226; x_wconf 83' lang='lat' dir='ltr'>r,</span> <span class='ocrx_word' id='word_1_2' title='bbox 686 159 699 223; x_wconf 73' lang='lat' dir='ltr'>s</span> <span class='ocrx_word' id='word_1_3' title='bbox 717 162 810 214; x_wconf 85' lang='lat' dir='ltr'>r-u.</span> 
     </span>
    </p>
   </div>
   <div class='ocr_carea' id='block_1_2' title="bbox 237 367 495 432">
    <p class='ocr_par' dir='ltr' id='par_1_2' title="bbox 237 367 495 432">
     <span class='ocr_line' id='line_1_2' title="bbox 237 367 495 432; baseline 0 -2"><span class='ocrx_word' id='word_1_4' title='bbox 237 367 371 432; x_wconf 90' lang='lat' dir='ltr'>Prorsus</span> <span class='ocrx_word' id='word_1_5' title='bbox 392 387 495 432; x_wconf 88' lang='lat' dir='ltr'>nemo.</span> 
     </span>
    </p>
   </div>
   <div class='ocr_carea' id='block_1_3' title="bbox 103 485 1378 3924">
    <p class='ocr_par' dir='ltr' id='par_1_3' title="bbox 130 485 1353 1306">
     <span class='ocr_line' id='line_1_3' title="bbox 234 485 1324 572; baseline -0.004 -20"><span class='ocrx_word' id='word_1_6' title='bbox 234 489 275 552; x_wconf 80' lang='lat' dir='ltr'>Et</span> <span class='ocrx_word' id='word_1_7' title='bbox 305 488 445 572; x_wconf 88' lang='lat' dir='ltr'>quidem,</span> <span class='ocrx_word' id='word_1_8' title='bbox 469 488 496 552; x_wconf 91' lang='lat' dir='ltr'>si</span> <span class='ocrx_word' id='word_1_9' title='bbox 527 487 585 552; x_wconf 90' lang='lat' dir='ltr'>tibi</span> <span class='ocrx_word' id='word_1_10' title='bbox 616 493 765 553; x_wconf 76' lang='lat' dir='ltr'><strong>constare</strong></span> <span class='ocrx_word' id='word_1_11' title='bbox 795 488 853 569; x_wconf 86' lang='lat' dir='ltr'>vis,</span> <span class='ocrx_word' id='word_1_12' title='bbox 886 505 1006 568; x_wconf 88' lang='lat' dir='ltr'>omnes,</span> <span class='ocrx_word' id='word_1_13' title='bbox 1031 485 1223 569; x_wconf 89' lang='lat' dir='ltr'>quicumque</span> <span class='ocrx_word' id='word_1_14' title='bbox 1251 485 1324 550; x_wconf 84' lang='lat' dir='ltr'>mati</span> 
     </span>
     <span class='ocr_line' id='line_1_4' title="bbox 130 590 1324 676; baseline -0.003 -18"><span class='ocrx_word' id='word_1_15' title='bbox 130 600 208 658; x_wconf 89' lang='lat' dir='ltr'>sunt</span> <span class='ocrx_word' id='word_1_16' title='bbox 231 599 372 674; x_wconf 71' lang='lat' dir='ltr'>eruntne,</span> <span class='ocrx_word' id='word_1_17' title='bbox 397 613 461 658; x_wconf 90' lang='lat' dir='ltr'>non</span> <span class='ocrx_word' id='word_1_18' title='bbox 485 592 587 657; x_wconf 91' lang='lat' dir='ltr'>solum</span> <span class='ocrx_word' id='word_1_19' title='bbox 602 592 720 674; x_wconf 83' lang='lat' dir='ltr'>miseri,</span> <span class='ocrx_word' id='word_1_20' title='bbox 744 592 803 658; x_wconf 92' lang='lat' dir='ltr'>sed</span> <span class='ocrx_word' id='word_1_21' title='bbox 826 591 921 658; x_wconf 86' lang='lat' dir='ltr'>ctiam</span> <span class='ocrx_word' id='word_1_22' title='bbox 938 611 1065 676; x_wconf 89' lang='lat' dir='ltr'>semper</span> <span class='ocrx_word' id='word_1_23' title='bbox 1080 590 1196 656; x_wconf 89' lang='lat' dir='ltr'>miseri.</span> <span class='ocrx_word' id='word_1_24' title='bbox 1241 590 1324 655; x_wconf 90' lang='lat' dir='ltr'>Nam</span> 
     </span>
     <span class='ocr_line' id='line_1_5' title="bbox 130 694 1324 780; baseline -0.004 -16"><span class='ocrx_word' id='word_1_25' title='bbox 130 698 159 764; x_wconf 91' lang='lat' dir='ltr'>si</span> <span class='ocrx_word' id='word_1_26' title='bbox 182 698 271 764; x_wconf 91' lang='lat' dir='ltr'>solos</span> <span class='ocrx_word' id='word_1_27' title='bbox 293 718 348 764; x_wconf 90' lang='lat' dir='ltr'>eos</span> <span class='ocrx_word' id='word_1_28' title='bbox 371 696 496 763; x_wconf 88' lang='lat' dir='ltr'>diceres</span> <span class='ocrx_word' id='word_1_29' title='bbox 519 696 664 779; x_wconf 84' lang='lat' dir='ltr'>miseros,</span> <span class='ocrx_word' id='word_1_30' title='bbox 688 697 803 780; x_wconf 91' lang='lat' dir='ltr'>quibus</span> <span class='ocrx_word' id='word_1_31' title='bbox 826 695 1024 762; x_wconf 89' lang='lat' dir='ltr'>moriendum</span> <span class='ocrx_word' id='word_1_32' title='bbox 1047 703 1142 779; x_wconf 85' lang='lat' dir='ltr'>esset,</span> <span class='ocrx_word' id='word_1_33' title='bbox 1165 694 1324 760; x_wconf 90' lang='lat' dir='ltr'>neminem</span> 
     </span>
     <span class='ocr_line' id='line_1_6' title="bbox 131 799 1325 888; baseline 0 -22"><span class='ocrx_word' id='word_1_34' title='bbox 131 809 167 866; x_wconf 89' lang='lat' dir='ltr'>tu</span> <span class='ocrx_word' id='word_1_35' title='bbox 192 801 323 885; x_wconf 90' lang='lat' dir='ltr'>quidem</span> <span class='ocrx_word' id='word_1_36' title='bbox 345 822 466 883; x_wconf 85' lang='lat' dir='ltr'>eorum,</span> <span class='ocrx_word' id='word_1_37' title='bbox 490 802 544 884; x_wconf 93' lang='lat' dir='ltr'>qui</span> <span class='ocrx_word' id='word_1_38' title='bbox 567 802 723 883; x_wconf 82' lang='lat' dir='ltr'>viverent,</span> <span class='ocrx_word' id='word_1_39' title='bbox 747 802 915 886; x_wconf 79' lang='lat' dir='ltr'>exciperes</span> <span class='ocrx_word' id='word_1_40' title='bbox 930 799 1144 888; x_wconf 91' lang='lat' dir='ltr'>(moriendum</span> <span class='ocrx_word' id='word_1_41' title='bbox 1169 807 1217 868; x_wconf 90' lang='lat' dir='ltr'>est</span> <span class='ocrx_word' id='word_1_42' title='bbox 1240 801 1325 867; x_wconf 92' lang='lat' dir='ltr'>enim</span> 
     </span>
     <span class='ocr_line' id='line_1_7' title="bbox 134 904 1324 991; baseline -0.001 -20"><span class='ocrx_word' id='word_1_43' title='bbox 134 904 306 991; x_wconf 84' lang='lat' dir='ltr'>omnibus),</span> <span class='ocrx_word' id='word_1_44' title='bbox 331 913 416 972; x_wconf 85' lang='lat' dir='ltr'>esset</span> <span class='ocrx_word' id='word_1_45' title='bbox 439 914 548 972; x_wconf 87' lang='lat' dir='ltr'>tamen</span> <span class='ocrx_word' id='word_1_46' title='bbox 570 906 719 973; x_wconf 80' lang='lat' dir='ltr'>miseriae</span> <span class='ocrx_word' id='word_1_47' title='bbox 735 905 807 972; x_wconf 88' lang='lat' dir='ltr'>finis</span> <span class='ocrx_word' id='word_1_48' title='bbox 830 907 864 973; x_wconf 94' lang='lat' dir='ltr'>in</span> <span class='ocrx_word' id='word_1_49' title='bbox 879 914 989 974; x_wconf 91' lang='lat' dir='ltr'>morte.</span> <span class='ocrx_word' id='word_1_50' title='bbox 1037 905 1195 983; x_wconf 84' lang='lat' dir='ltr'>Quoniam</span> <span class='ocrx_word' id='word_1_51' title='bbox 1218 913 1324 971; x_wconf 83' lang='lat' dir='ltr'>autem</span> 
     </span>
     <span class='ocr_line' id='line_1_8' title="bbox 132 1011 1322 1097; baseline -0.002 -21"><span class='ocrx_word' id='word_1_52' title='bbox 132 1013 231 1078; x_wconf 89' lang='lat' dir='ltr'>etiam</span> <span class='ocrx_word' id='word_1_53' title='bbox 254 1011 370 1077; x_wconf 89' lang='lat' dir='ltr'>mortui</span> <span class='ocrx_word' id='word_1_54' title='bbox 393 1011 501 1078; x_wconf 89' lang='lat' dir='ltr'>miseri</span> <span class='ocrx_word' id='word_1_55' title='bbox 524 1019 608 1094; x_wconf 84' lang='lat' dir='ltr'>sunt,</span> <span class='ocrx_word' id='word_1_56' title='bbox 642 1012 675 1076; x_wconf 92' lang='lat' dir='ltr'>in</span> <span class='ocrx_word' id='word_1_57' title='bbox 709 1011 869 1077; x_wconf 88' lang='lat' dir='ltr'>miseriam</span> <span class='ocrx_word' id='word_1_58' title='bbox 903 1011 1063 1078; x_wconf 88' lang='lat' dir='ltr'>nascimur</span> <span class='ocrx_word' id='word_1_59' title='bbox 1085 1011 1322 1097; x_wconf 90' lang='lat' dir='ltr'>sempiternam.</span> 
     </span>
     <span class='ocr_line' id='line_1_9' title="bbox 131 1116 1353 1200; baseline -0.001 -20"><span class='ocrx_word' id='word_1_60' title='bbox 131 1117 276 1182; x_wconf 90' lang='lat' dir='ltr'>Necesse</span> <span class='ocrx_word' id='word_1_61' title='bbox 300 1122 349 1181; x_wconf 87' lang='lat' dir='ltr'>est</span> <span class='ocrx_word' id='word_1_62' title='bbox 371 1117 454 1182; x_wconf 92' lang='lat' dir='ltr'>enim</span> <span class='ocrx_word' id='word_1_63' title='bbox 477 1119 610 1182; x_wconf 90' lang='lat' dir='ltr'>miseros</span> <span class='ocrx_word' id='word_1_64' title='bbox 633 1135 705 1183; x_wconf 90' lang='lat' dir='ltr'>esse</span> <span class='ocrx_word' id='word_1_65' title='bbox 720 1137 785 1198; x_wconf 88' lang='lat' dir='ltr'>eos,</span> <span class='ocrx_word' id='word_1_66' title='bbox 809 1118 863 1200; x_wconf 91' lang='lat' dir='ltr'>qui</span> <span class='ocrx_word' id='word_1_67' title='bbox 886 1122 1015 1182; x_wconf 86' lang='lat' dir='ltr'>centurn</span> <span class='ocrx_word' id='word_1_68' title='bbox 1030 1116 1158 1182; x_wconf 90' lang='lat' dir='ltr'>milibus</span> <span class='ocrx_word' id='word_1_69' title='bbox 1173 1135 1325 1182; x_wconf 89' lang='lat' dir='ltr'>annorum</span> <span class='ocrx_word' id='word_1_70' title='bbox 1350 1131 1353 1138; x_wconf 54' lang='lat'><strong>⁴</strong></span> 
     </span>
     <span class='ocr_line' id='line_1_10' title="bbox 131 1219 1187 1306; baseline 0 -22"><span class='ocrx_word' id='word_1_71' title='bbox 131 1228 208 1286; x_wconf 88' lang='lat' dir='ltr'>ante</span> <span class='ocrx_word' id='word_1_72' title='bbox 230 1219 426 1301; x_wconf 76' lang='lat' dir='ltr'>oeciderunt,</span> <span class='ocrx_word' id='word_1_73' title='bbox 449 1221 502 1286; x_wconf 83' lang='lat' dir='ltr'>vel</span> <span class='ocrx_word' id='word_1_74' title='bbox 524 1221 632 1306; x_wconf 90' lang='lat' dir='ltr'>potius</span> <span class='ocrx_word' id='word_1_75' title='bbox 655 1241 775 1302; x_wconf 83' lang='lat' dir='ltr'>omnes,</span> <span class='ocrx_word' id='word_1_76' title='bbox 800 1221 991 1304; x_wconf 78' lang='lat' dir='ltr'>quicumque</span> <span class='ocrx_word' id='word_1_77' title='bbox 1014 1221 1081 1286; x_wconf 91' lang='lat' dir='ltr'>nati</span> <span class='ocrx_word' id='word_1_78' title='bbox 1105 1227 1187 1285; x_wconf 85' lang='lat' dir='ltr'>sunt.</span> 
     </span>
    </p>

    <p class='ocr_par' dir='ltr' id='par_1_4' title="bbox 236 1325 619 1408">
     <span class='ocr_line' id='line_1_11' title="bbox 236 1325 619 1408; baseline 0.003 -20"><span class='ocrx_word' id='word_1_79' title='bbox 236 1325 287 1390; x_wconf 86' lang='lat' dir='ltr'>Ita</span> <span class='ocrx_word' id='word_1_80' title='bbox 309 1345 438 1408; x_wconf 92' lang='lat' dir='ltr'>prorsus</span> <span class='ocrx_word' id='word_1_81' title='bbox 463 1325 619 1390; x_wconf 84' lang='lat' dir='ltr'>existimo.</span> 
     </span>
    </p>

    <p class='ocr_par' dir='ltr' id='par_1_5' title="bbox 134 1424 1378 1617">
     <span class='ocr_line' id='line_1_12' title="bbox 234 1424 1378 1514; baseline 0 -22"><span class='ocrx_word' id='word_1_82' title='bbox 234 1428 306 1510; x_wconf 85' lang='lat' dir='ltr'>Dic,</span> <span class='ocrx_word' id='word_1_83' title='bbox 331 1449 469 1512; x_wconf 87' lang='lat' dir='ltr'>quaeso:</span> <span class='ocrx_word' id='word_1_84' title='bbox 507 1424 583 1494; x_wconf 87' lang='lat' dir='ltr'>num</span> <span class='ocrx_word' id='word_1_85' title='bbox 621 1435 653 1494; x_wconf 89' lang='lat' dir='ltr'>te</span> <span class='ocrx_word' id='word_1_86' title='bbox 687 1428 742 1493; x_wconf 87' lang='lat' dir='ltr'>ilia</span> <span class='ocrx_word' id='word_1_87' title='bbox 773 1435 901 1509; x_wconf 86' lang='lat' dir='ltr'>terrent,</span> <span class='ocrx_word' id='word_1_88' title='bbox 935 1429 1053 1514; x_wconf 78' lang='lat' dir='ltr'>triceps</span> <span class='ocrx_word' id='word_1_89' title='bbox 1087 1428 1173 1513; x_wconf 88' lang='lat' dir='ltr'>apud</span> <span class='ocrx_word' id='word_1_90' title='bbox 1206 1427 1326 1492; x_wconf 81' lang='lat' dir='ltr'>inferos</span> <span class='ocrx_word' id='word_1_91' title='bbox 1346 1431 1378 1483; x_wconf 90' lang='lat'>10</span> 
     </span>
     <span class='ocr_line' id='line_1_13' title="bbox 134 1531 1028 1617; baseline 0.003 -22"><span class='ocrx_word' id='word_1_92' title='bbox 134 1531 304 1614; x_wconf 77' lang='lat' dir='ltr'>Cerberus,</span> <span class='ocrx_word' id='word_1_93' title='bbox 330 1533 444 1617; x_wconf 77' lang='lat' dir='ltr'>Cocyti</span> <span class='ocrx_word' id='word_1_94' title='bbox 467 1533 623 1614; x_wconf 82' lang='lat' dir='ltr'>fremitus,</span> <span class='ocrx_word' id='word_1_95' title='bbox 646 1534 803 1598; x_wconf 80' lang='lat' dir='ltr'>travectio</span> <span class='ocrx_word' id='word_1_96' title='bbox 827 1532 1028 1613; x_wconf 83' lang='lat' dir='ltr'>Acherontis,</span> 
     </span>
    </p>

    <p class='ocr_par' dir='ltr' id='par_1_6' title="bbox 103 1637 1239 1824">
     <span class='ocr_line' id='line_1_14' title="bbox 177 1637 1239 1721; baseline 0 -21"><span class='ocrx_word' id='word_1_97' title='bbox 177 1637 313 1702; x_wconf 80' lang='lat' dir='ltr'>Mento</span> <span class='ocrx_word' id='word_1_98' title='bbox 337 1657 529 1703; x_wconf 89' lang='lat' dir='ltr'>summam</span> <span class='ocrx_word' id='word_1_99' title='bbox 552 1657 698 1721; x_wconf 90' lang='lat' dir='ltr'>aquam</span> <span class='ocrx_word' id='word_1_100' title='bbox 723 1639 943 1720; x_wconf 82' lang='lat' dir='ltr'>attingens</span> <span class='ocrx_word' id='word_1_101' title='bbox 968 1639 1142 1702; x_wconf 83' lang='lat' dir='ltr'>enectus</span> <span class='ocrx_word' id='word_1_102' title='bbox 1166 1637 1239 1702; x_wconf 91' lang='lat' dir='ltr'>siti</span> 
     </span>
     <span class='ocr_line' id='line_1_15' title="bbox 103 1740 624 1824; baseline 0 -20"><span class='ocrx_word' id='word_1_103' title='bbox 103 1740 314 1807; x_wconf 69' lang='lat' dir='ltr'>-Tantalus‘i</span> <span class='ocrx_word' id='word_1_104' title='bbox 336 1747 403 1806; x_wconf 88' lang='lat' dir='ltr'>tum</span> <span class='ocrx_word' id='word_1_105' title='bbox 426 1740 515 1822; x_wconf 84' lang='lat' dir='ltr'>illud,</span> <span class='ocrx_word' id='word_1_106' title='bbox 540 1741 624 1824; x_wconf 91' lang='lat' dir='ltr'>quod</span> 
     </span>
    </p>

    <p class='ocr_par' dir='ltr' id='par_1_7' title="bbox 907 1845 1283 1932">
     <span class='ocr_line' id='line_1_16' title="bbox 907 1845 1283 1932; baseline -0.005 -21"><span class='ocrx_word' id='word_1_107' title='bbox 907 1845 1118 1932; x_wconf 79' lang='lat' dir='ltr'>Sisyphus</span> <span class='ocrx_word' id='word_1_108' title='bbox 1141 1852 1283 1912; x_wconf 87' lang='lat' dir='ltr'>versat</span> 
     </span>
    </p>

    <p class='ocr_par' dir='ltr' id='par_1_8' title="bbox 132 1949 1326 2558">
     <span class='ocr_line' id='line_1_17' title="bbox 179 1949 1239 2036; baseline -0.002 -20"><span class='ocrx_word' id='word_1_109' title='bbox 179 1950 329 2016; x_wconf 82' lang='lat' dir='ltr'>Saxum</span> <span class='ocrx_word' id='word_1_110' title='bbox 353 1949 508 2016; x_wconf 90' lang='lat' dir='ltr'>sudans</span> <span class='ocrx_word' id='word_1_111' title='bbox 531 1951 708 2016; x_wconf 89' lang='lat' dir='ltr'>nitendo</span> <span class='ocrx_word' id='word_1_112' title='bbox 730 1971 862 2034; x_wconf 90' lang='lat' dir='ltr'>neque</span> <span class='ocrx_word' id='word_1_113' title='bbox 884 1951 1062 2036; x_wconf 85' lang='lat' dir='ltr'>proficit</span> <span class='ocrx_word' id='word_1_114' title='bbox 1085 1949 1239 2015; x_wconf 81' lang='lat' dir='ltr'>hilum?</span> 
     </span>
     <span class='ocr_line' id='line_1_18' title="bbox 132 2053 1326 2140; baseline 0 -22"><span class='ocrx_word' id='word_1_115' title='bbox 132 2055 273 2122; x_wconf 83' lang='lat' dir='ltr'>fortasse</span> <span class='ocrx_word' id='word_1_116' title='bbox 285 2055 379 2120; x_wconf 90' lang='lat' dir='ltr'>ctiam</span> <span class='ocrx_word' id='word_1_117' title='bbox 396 2055 612 2121; x_wconf 85' lang='lat' dir='ltr'>inexorabiles</span> <span class='ocrx_word' id='word_1_118' title='bbox 627 2055 759 2138; x_wconf 90' lang='lat' dir='ltr'>iudices,</span> <span class='ocrx_word' id='word_1_119' title='bbox 772 2055 876 2121; x_wconf 89' lang='lat' dir='ltr'>Minos</span> <span class='ocrx_word' id='word_1_120' title='bbox 892 2063 924 2120; x_wconf 89' lang='lat' dir='ltr'>et</span> <span class='ocrx_word' id='word_1_121' title='bbox 939 2053 1225 2122; x_wconf 78' lang='lat' dir='ltr'>Rhadamanthus?</span> <span class='ocrx_word' id='word_1_122' title='bbox 1241 2054 1326 2140; x_wconf 87' lang='lat' dir='ltr'>apud</span> 
     </span>
     <span class='ocr_line' id='line_1_19' title="bbox 132 2157 1325 2246; baseline -0.001 -23"><span class='ocrx_word' id='word_1_123' title='bbox 132 2178 213 2242; x_wconf 90' lang='lat' dir='ltr'>quos</span> <span class='ocrx_word' id='word_1_124' title='bbox 226 2179 285 2226; x_wconf 92' lang='lat' dir='ltr'>nec</span> <span class='ocrx_word' id='word_1_125' title='bbox 297 2167 329 2226; x_wconf 91' lang='lat' dir='ltr'>te</span> <span class='ocrx_word' id='word_1_126' title='bbox 340 2161 375 2226; x_wconf 89' lang='lat' dir='ltr'>L.</span> <span class='ocrx_word' id='word_1_127' title='bbox 389 2159 524 2226; x_wconf 75' lang='lat' dir='ltr'>Crassus</span> <span class='ocrx_word' id='word_1_128' title='bbox 536 2158 688 2246; x_wconf 81' lang='lat' dir='ltr'>defendet</span> <span class='ocrx_word' id='word_1_129' title='bbox 699 2180 759 2225; x_wconf 89' lang='lat' dir='ltr'>nec</span> <span class='ocrx_word' id='word_1_130' title='bbox 770 2160 812 2224; x_wconf 90' lang='lat' dir='ltr'>M.</span> <span class='ocrx_word' id='word_1_131' title='bbox 829 2159 987 2225; x_wconf 86' lang='lat' dir='ltr'>Antonius</span> <span class='ocrx_word' id='word_1_132' title='bbox 1000 2181 1070 2242; x_wconf 84' lang='lat' dir='ltr'>nec,</span> <span class='ocrx_word' id='word_1_133' title='bbox 1083 2159 1231 2244; x_wconf 89' lang='lat' dir='ltr'>quoniam</span> <span class='ocrx_word' id='word_1_134' title='bbox 1240 2157 1325 2243; x_wconf 90' lang='lat' dir='ltr'>apud</span> 
     </span>
     <span class='ocr_line' id='line_1_20' title="bbox 133 2263 1324 2350; baseline -0.001 -22"><span class='ocrx_word' id='word_1_135' title='bbox 133 2263 275 2330; x_wconf 84' lang='lat' dir='ltr'>Graecos</span> <span class='ocrx_word' id='word_1_136' title='bbox 297 2264 420 2330; x_wconf 89' lang='lat' dir='ltr'>iudices</span> <span class='ocrx_word' id='word_1_137' title='bbox 442 2283 494 2330; x_wconf 89' lang='lat' dir='ltr'>res</span> <span class='ocrx_word' id='word_1_138' title='bbox 516 2271 638 2348; x_wconf 82' lang='lat' dir='ltr'>agetur,</span> <span class='ocrx_word' id='word_1_139' title='bbox 662 2265 783 2350; x_wconf 89' lang='lat' dir='ltr'>poteris</span> <span class='ocrx_word' id='word_1_140' title='bbox 804 2264 959 2329; x_wconf 89' lang='lat' dir='ltr'>adhibere</span> <span class='ocrx_word' id='word_1_141' title='bbox 981 2263 1249 2348; x_wconf 63' lang='lat' dir='ltr'>Demosthenem</span> <span class='ocrx_word' id='word_1_142' title='bbox 1266 2263 1324 2328; x_wconf 92' lang='lat' dir='ltr'>tibi</span> 
     </span>
     <span class='ocr_line' id='line_1_21' title="bbox 132 2367 1325 2453; baseline 0 -21"><span class='ocrx_word' id='word_1_143' title='bbox 132 2368 196 2452; x_wconf 91' lang='lat' dir='ltr'>ipsi</span> <span class='ocrx_word' id='word_1_144' title='bbox 222 2388 280 2453; x_wconf 95' lang='lat' dir='ltr'>pro</span> <span class='ocrx_word' id='word_1_145' title='bbox 303 2376 335 2434; x_wconf 89' lang='lat' dir='ltr'>te</span> <span class='ocrx_word' id='word_1_146' title='bbox 358 2369 419 2435; x_wconf 90' lang='lat' dir='ltr'>erit</span> <span class='ocrx_word' id='word_1_147' title='bbox 442 2369 583 2434; x_wconf 87' lang='lat' dir='ltr'>maxima</span> <span class='ocrx_word' id='word_1_148' title='bbox 605 2389 724 2434; x_wconf 89' lang='lat' dir='ltr'>corona</span> <span class='ocrx_word' id='word_1_149' title='bbox 757 2387 855 2433; x_wconf 91' lang='lat' dir='ltr'>causa</span> <span class='ocrx_word' id='word_1_150' title='bbox 879 2367 1023 2434; x_wconf 83' lang='lat' dir='ltr'>dicenda.</span> <span class='ocrx_word' id='word_1_151' title='bbox 1070 2367 1160 2434; x_wconf 90' lang='lat' dir='ltr'>Haec</span> <span class='ocrx_word' id='word_1_152' title='bbox 1189 2368 1325 2433; x_wconf 85' lang='lat' dir='ltr'>fortasse</span> 
     </span>
     <span class='ocr_line' id='line_1_22' title="bbox 135 2472 1256 2558; baseline 0 -22"><span class='ocrx_word' id='word_1_153' title='bbox 135 2473 251 2538; x_wconf 90' lang='lat' dir='ltr'>metuis</span> <span class='ocrx_word' id='word_1_154' title='bbox 276 2479 307 2539; x_wconf 91' lang='lat' dir='ltr'>et</span> <span class='ocrx_word' id='word_1_155' title='bbox 330 2472 449 2540; x_wconf 90' lang='lat' dir='ltr'>idcirco</span> <span class='ocrx_word' id='word_1_156' title='bbox 472 2480 608 2540; x_wconf 89' lang='lat' dir='ltr'>mortem</span> <span class='ocrx_word' id='word_1_157' title='bbox 632 2493 744 2538; x_wconf 90' lang='lat' dir='ltr'>censes</span> <span class='ocrx_word' id='word_1_158' title='bbox 775 2492 846 2538; x_wconf 89' lang='lat' dir='ltr'>esse</span> <span class='ocrx_word' id='word_1_159' title='bbox 877 2473 1105 2558; x_wconf 88' lang='lat' dir='ltr'>sempiternum</span> <span class='ocrx_word' id='word_1_160' title='bbox 1127 2472 1256 2538; x_wconf 87' lang='lat' dir='ltr'>maium.</span> 
     </span>
    </p>

    <p class='ocr_par' dir='ltr' id='par_1_9' title="bbox 234 2577 1161 2658">
     <span class='ocr_line' id='line_1_23' title="bbox 234 2577 1161 2658; baseline 0.002 -18"><span class='ocrx_word' id='word_1_161' title='bbox 234 2577 368 2643; x_wconf 84' lang='lat' dir='ltr'>Adeone</span> <span class='ocrx_word' id='word_1_162' title='bbox 390 2600 442 2644; x_wconf 90' lang='lat' dir='ltr'>me</span> <span class='ocrx_word' id='word_1_163' title='bbox 465 2578 601 2644; x_wconf 91' lang='lat' dir='ltr'>delirare</span> <span class='ocrx_word' id='word_1_164' title='bbox 625 2597 746 2658; x_wconf 85' lang='lat' dir='ltr'>censes,</span> <span class='ocrx_word' id='word_1_165' title='bbox 770 2585 806 2642; x_wconf 92' lang='lat' dir='ltr'>ut</span> <span class='ocrx_word' id='word_1_166' title='bbox 828 2577 890 2642; x_wconf 89' lang='lat' dir='ltr'>ista</span> <span class='ocrx_word' id='word_1_167' title='bbox 913 2597 985 2644; x_wconf 88' lang='lat' dir='ltr'>esse</span> <span class='ocrx_word' id='word_1_168' title='bbox 1008 2577 1161 2643; x_wconf 80' lang='lat' dir='ltr'>credam?</span> 
     </span>
    </p>

    <p class='ocr_par' dir='ltr' id='par_1_10' title="bbox 235 2681 688 2749">
     <span class='ocr_line' id='line_1_24' title="bbox 235 2681 688 2749; baseline -0.002 -3"><span class='ocrx_word' id='word_1_169' title='bbox 235 2682 285 2746; x_wconf 87' lang='lat' dir='ltr'>An</span> <span class='ocrx_word' id='word_1_170' title='bbox 307 2689 343 2747; x_wconf 92' lang='lat' dir='ltr'>tu</span> <span class='ocrx_word' id='word_1_171' title='bbox 366 2682 448 2749; x_wconf 91' lang='lat' dir='ltr'>haec</span> <span class='ocrx_word' id='word_1_172' title='bbox 470 2703 534 2748; x_wconf 90' lang='lat' dir='ltr'>non</span> <span class='ocrx_word' id='word_1_173' title='bbox 558 2681 688 2748; x_wconf 83' lang='lat' dir='ltr'>credis?</span> 
     </span>
    </p>

    <p class='ocr_par' dir='ltr' id='par_1_11' title="bbox 235 2787 474 2852">
     <span class='ocr_line' id='line_1_25' title="bbox 235 2787 474 2852; baseline 0.008 -2"><span class='ocrx_word' id='word_1_174' title='bbox 235 2787 365 2852; x_wconf 91' lang='lat' dir='ltr'>Minime</span> <span class='ocrx_word' id='word_1_175' title='bbox 388 2807 474 2852; x_wconf 86' lang='lat' dir='ltr'>vcro.</span> 
     </span>
    </p>

    <p class='ocr_par' dir='ltr' id='par_1_12' title="bbox 234 2890 616 2957">
     <span class='ocr_line' id='line_1_26' title="bbox 234 2890 616 2957; baseline 0.003 -3"><span class='ocrx_word' id='word_1_176' title='bbox 234 2890 318 2956; x_wconf 89' lang='lat' dir='ltr'>Male</span> <span class='ocrx_word' id='word_1_177' title='bbox 342 2891 473 2957; x_wconf 89' lang='lat' dir='ltr'>hercule</span> <span class='ocrx_word' id='word_1_178' title='bbox 496 2911 616 2956; x_wconf 88' lang='lat' dir='ltr'>narras.</span> 
     </span>
    </p>

    <p class='ocr_par' dir='ltr' id='par_1_13' title="bbox 235 2994 476 3079">
     <span class='ocr_line' id='line_1_27' title="bbox 235 2994 476 3079; baseline 0.012 -20"><span class='ocrx_word' id='word_1_179' title='bbox 235 2994 323 3060; x_wconf 79' lang='lat' dir='ltr'>Gur?</span> <span class='ocrx_word' id='word_1_180' title='bbox 347 3016 476 3079; x_wconf 89' lang='lat' dir='ltr'>quaeso.</span> 
     </span>
    </p>

    <p class='ocr_par' dir='ltr' id='par_1_14' title="bbox 234 3097 1178 3185">
     <span class='ocr_line' id='line_1_28' title="bbox 234 3097 1178 3185; baseline 0.001 -23"><span class='ocrx_word' id='word_1_181' title='bbox 234 3098 317 3175; x_wconf 79' lang='lat' dir='ltr'>Quia</span> <span class='ocrx_word' id='word_1_182' title='bbox 341 3099 480 3165; x_wconf 90' lang='lat' dir='ltr'>disertus</span> <span class='ocrx_word' id='word_1_183' title='bbox 503 3120 573 3166; x_wconf 88' lang='lat' dir='ltr'>esse</span> <span class='ocrx_word' id='word_1_184' title='bbox 596 3118 734 3185; x_wconf 88' lang='lat' dir='ltr'>possem,</span> <span class='ocrx_word' id='word_1_185' title='bbox 760 3099 786 3164; x_wconf 90' lang='lat' dir='ltr'>si</span> <span class='ocrx_word' id='word_1_186' title='bbox 810 3106 922 3164; x_wconf 85' lang='lat' dir='ltr'>contra</span> <span class='ocrx_word' id='word_1_187' title='bbox 943 3098 1006 3165; x_wconf 90' lang='lat' dir='ltr'>ista</span> <span class='ocrx_word' id='word_1_188' title='bbox 1028 3097 1178 3165; x_wconf 90' lang='lat' dir='ltr'>dicerem.</span> 
     </span>
    </p>

    <p class='ocr_par' dir='ltr' id='par_1_15' title="bbox 135 3200 1374 3393">
     <span class='ocr_line' id='line_1_29' title="bbox 235 3200 1374 3286; baseline 0 -18"><span class='ocrx_word' id='word_1_189' title='bbox 235 3200 314 3278; x_wconf 78' lang='lat' dir='ltr'>Quis</span> <span class='ocrx_word' id='word_1_190' title='bbox 338 3204 423 3268; x_wconf 91' lang='lat' dir='ltr'>enim</span> <span class='ocrx_word' id='word_1_191' title='bbox 446 3224 509 3269; x_wconf 91' lang='lat' dir='ltr'>non</span> <span class='ocrx_word' id='word_1_192' title='bbox 532 3204 564 3268; x_wconf 91' lang='lat' dir='ltr'>in</span> <span class='ocrx_word' id='word_1_193' title='bbox 587 3201 766 3269; x_wconf 88' lang='lat' dir='ltr'>eiusmodi</span> <span class='ocrx_word' id='word_1_194' title='bbox 789 3201 911 3268; x_wconf 79' lang='lat' dir='ltr'>causa?</span> <span class='ocrx_word' id='word_1_195' title='bbox 935 3202 999 3267; x_wconf 82' lang='lat' dir='ltr'>Aut</span> <span class='ocrx_word' id='word_1_196' title='bbox 1023 3203 1098 3285; x_wconf 92' lang='lat' dir='ltr'>quid</span> <span class='ocrx_word' id='word_1_197' title='bbox 1130 3203 1249 3286; x_wconf 84' lang='lat' dir='ltr'>negotii</span> <span class='ocrx_word' id='word_1_198' title='bbox 1277 3209 1326 3268; x_wconf 88' lang='lat' dir='ltr'>est</span> <span class='ocrx_word' id='word_1_199' title='bbox 1346 3211 1374 3262; x_wconf 83' lang='lat'>1¹</span> 
     </span>
     <span class='ocr_line' id='line_1_30' title="bbox 135 3307 1046 3393; baseline 0 -23"><span class='ocrx_word' id='word_1_200' title='bbox 135 3307 215 3372; x_wconf 90' lang='lat' dir='ltr'>haec</span> <span class='ocrx_word' id='word_1_201' title='bbox 238 3313 404 3392; x_wconf 66' lang='lat' dir='ltr'>poetarum</span> <span class='ocrx_word' id='word_1_202' title='bbox 428 3316 460 3372; x_wconf 92' lang='lat' dir='ltr'>et</span> <span class='ocrx_word' id='word_1_203' title='bbox 484 3308 640 3393; x_wconf 90' lang='lat' dir='ltr'>pictorum</span> <span class='ocrx_word' id='word_1_204' title='bbox 663 3313 809 3392; x_wconf 89' lang='lat' dir='ltr'>portenta</span> <span class='ocrx_word' id='word_1_205' title='bbox 832 3307 1046 3373; x_wconf 78' lang='lat' dir='ltr'>convincere?</span> 
     </span>
    </p>

    <p class='ocr_par' dir='ltr' id='par_1_16' title="bbox 136 3410 1326 3600">
     <span class='ocr_line' id='line_1_31' title="bbox 235 3410 1326 3498; baseline 0.003 -24"><span class='ocrx_word' id='word_1_206' title='bbox 235 3413 333 3495; x_wconf 86' lang='lat' dir='ltr'>Atqui</span> <span class='ocrx_word' id='word_1_207' title='bbox 358 3413 444 3498; x_wconf 87' lang='lat' dir='ltr'>pleni</span> <span class='ocrx_word' id='word_1_208' title='bbox 476 3411 548 3476; x_wconf 89' lang='lat' dir='ltr'>iibri</span> <span class='ocrx_word' id='word_1_209' title='bbox 572 3417 644 3477; x_wconf 90' lang='lat' dir='ltr'>sunt</span> <span class='ocrx_word' id='word_1_210' title='bbox 666 3417 776 3476; x_wconf 89' lang='lat' dir='ltr'>contra</span> <span class='ocrx_word' id='word_1_211' title='bbox 798 3411 861 3477; x_wconf 86' lang='lat' dir='ltr'>ista</span> <span class='ocrx_word' id='word_1_212' title='bbox 883 3412 955 3496; x_wconf 89' lang='lat' dir='ltr'>ipsa</span> <span class='ocrx_word' id='word_1_213' title='bbox 977 3410 1202 3478; x_wconf 88' lang='lat' dir='ltr'>disserentium</span> <span class='ocrx_word' id='word_1_214' title='bbox 1225 3412 1326 3498; x_wconf 91' lang='lat' dir='ltr'>philo·</span> 
     </span>
     <span class='ocr_line' id='line_1_32' title="bbox 136 3514 319 3600; baseline 0 -20"><span class='ocrx_word' id='word_1_215' title='bbox 136 3514 319 3600; x_wconf 88' lang='lat' dir='ltr'>sophorum.</span> 
     </span>
    </p>

    <p class='ocr_par' dir='ltr' id='par_1_17' title="bbox 235 3617 1326 3705">
     <span class='ocr_line' id='line_1_33' title="bbox 235 3617 1326 3705; baseline 0.002 -21"><span class='ocrx_word' id='word_1_216' title='bbox 235 3621 349 3705; x_wconf 87' lang='lat' dir='ltr'>Inepte</span> <span class='ocrx_word' id='word_1_217' title='bbox 366 3640 454 3685; x_wconf 91' lang='lat' dir='ltr'>sane.</span> <span class='ocrx_word' id='word_1_218' title='bbox 480 3617 559 3695; x_wconf 83' lang='lat' dir='ltr'>Quis</span> <span class='ocrx_word' id='word_1_219' title='bbox 575 3620 660 3684; x_wconf 88' lang='lat' dir='ltr'>enim</span> <span class='ocrx_word' id='word_1_220' title='bbox 677 3627 726 3686; x_wconf 86' lang='lat' dir='ltr'>est</span> <span class='ocrx_word' id='word_1_221' title='bbox 741 3627 807 3684; x_wconf 85' lang='lat' dir='ltr'>tam</span> <span class='ocrx_word' id='word_1_222' title='bbox 823 3640 947 3703; x_wconf 80' lang='lat' dir='ltr'>excors,</span> <span class='ocrx_word' id='word_1_223' title='bbox 966 3642 1059 3704; x_wconf 91' lang='lat' dir='ltr'>quem</span> <span class='ocrx_word' id='word_1_224' title='bbox 1075 3621 1138 3686; x_wconf 91' lang='lat' dir='ltr'>ista</span> <span class='ocrx_word' id='word_1_225' title='bbox 1153 3623 1326 3688; x_wconf 80' lang='lat' dir='ltr'>moveant?</span> 
     </span>
    </p>

    <p class='ocr_par' dir='ltr' id='par_1_18' title="bbox 134 3732 1325 3924">
     <span class='ocr_line' id='line_1_34' title="bbox 238 3732 1325 3818; baseline 0 -20"><span class='ocrx_word' id='word_1_226' title='bbox 238 3733 270 3798; x_wconf 80' lang='lat' dir='ltr'>si</span> <span class='ocrx_word' id='word_1_227' title='bbox 296 3754 373 3816; x_wconf 82' lang='lat' dir='ltr'>ergo</span> <span class='ocrx_word' id='word_1_228' title='bbox 396 3733 483 3817; x_wconf 87' lang='lat' dir='ltr'>apud</span> <span class='ocrx_word' id='word_1_229' title='bbox 506 3732 625 3798; x_wconf 86' lang='lat' dir='ltr'>inferos</span> <span class='ocrx_word' id='word_1_230' title='bbox 648 3733 756 3798; x_wconf 88' lang='lat' dir='ltr'>miseri</span> <span class='ocrx_word' id='word_1_231' title='bbox 779 3755 842 3798; x_wconf 89' lang='lat' dir='ltr'>non</span> <span class='ocrx_word' id='word_1_232' title='bbox 865 3741 949 3815; x_wconf 90' lang='lat' dir='ltr'>sunt,</span> <span class='ocrx_word' id='word_1_233' title='bbox 973 3755 1013 3799; x_wconf 89' lang='lat' dir='ltr'>ne</span> <span class='ocrx_word' id='word_1_234' title='bbox 1048 3742 1120 3800; x_wconf 91' lang='lat' dir='ltr'>sunt</span> <span class='ocrx_word' id='word_1_235' title='bbox 1144 3733 1271 3818; x_wconf 92' lang='lat' dir='ltr'>quidem</span> <span class='ocrx_word' id='word_1_236' title='bbox 1296 3757 1325 3799; x_wconf 88' lang='lat' dir='ltr'>a·</span> 
     </span>
     <span class='ocr_line' id='line_1_35' title="bbox 134 3836 503 3924; baseline -0.005 -23"><span class='ocrx_word' id='word_1_237' title='bbox 134 3836 201 3924; x_wconf 91' lang='lat' dir='ltr'>pud</span> <span class='ocrx_word' id='word_1_238' title='bbox 224 3836 344 3902; x_wconf 86' lang='lat' dir='ltr'>inferos</span> <span class='ocrx_word' id='word_1_239' title='bbox 367 3836 432 3901; x_wconf 90' lang='lat' dir='ltr'>ulli.</span> <span class='ocrx_word' id='word_1_240' title='bbox 501 3873 503 3878; x_wconf 68' lang='lat'>,</span> 
     </span>
    </p>
   </div>
   <div class='ocr_carea' id='block_1_4' title="bbox 0 0 1501 4334">
    <p class='ocr_par' dir='ltr' id='par_1_19' title="bbox 0 0 1501 4334">
     <span class='ocr_line' id='line_1_36' title="bbox 0 0 1501 4334; baseline 0 0"><span class='ocrx_word' id='word_1_241' title='bbox 0 0 1501 4334; x_wconf 95' lang='lat' dir='ltr'> </span> 
     </span>
    </p>
   </div>
  </div>
 </body>
</html>
