2986 4334
181 159 224 222 56
636 158 737 221 Dispul.
756 156 913 206 Tusculanae

184 381 248 446 cos,
273 363 327 448 qui
349 361 486 429 eandem
508 363 668 430 licentiam
691 361 853 429 scribendi
877 361 937 428 sibi
958 360 1101 448 permitti
1123 361 1245 428 volunt.
1268 357 1375 436 Quare

182 470 211 535 si
232 469 354 554 aliquid
375 469 532 535 oratoriae
556 467 662 535 laudis
683 477 792 535 nostra
813 467 980 534 attulimus
1001 465 1168 548 industria,
1184 466 1285 532 multo
1309 471 1376 534 stu·

182 573 302 648 diosius
311 571 534 660 philosophiae
546 574 651 640 fontes
664 573 881 660 aperiemus,e
894 571 1008 656 quibus
1017 573 1111 644 etiam
1122 571 1179 636 illa
1189 571 1373 639 manabant.

148 747 163 795 7
286 714 351 780 Sed
373 723 408 781 ut
423 715 623 796 Aristoteles,
647 713 695 780 vir
717 735 842 780 summo
858 713 998 797 ingenio,
1022 713 1167 796 seientia,
1184 715 1287 800 copia,
1303 733 1376 779 cum

182 827 288 887 motus
311 828 396 886 esset
412 820 565 886 Isocratis
587 818 723 886 rhetoris
743 819 854 904 gloria,
880 818 986 885 dicere
1009 817 1125 885 docere
1147 817 1246 883 etiam
1268 818 1376 904 coepit

182 924 405 990 adulescentes
428 931 460 990 et
484 924 687 1010 prudentiam
710 943 782 990 cum
806 923 990 1006 eloquentia
1022 923 1165 1007 iungere,
1200 919 1249 990 sic
1282 923 1377 988 nobis

182 1030 288 1114 placet
310 1050 370 1094 nec
393 1025 565 1114 pristinum
588 1027 715 1094 dicendi
732 1026 873 1094 studium
890 1027 1051 1114 deponere
1074 1034 1106 1093 et
1127 1027 1161 1092 in
1175 1027 1237 1092 hac
1252 1026 1377 1092 maiore

183 1139 215 1198 et
240 1131 387 1197 uberiore
417 1138 487 1198 arte
521 1131 659 1216 versari3
693 1130 778 1198 hanc
808 1133 892 1197 enim
926 1131 1102 1217 perdentem
1136 1129 1377 1216 philosophiam

183 1256 311 1323 semper
332 1235 481 1317 iudicavi,
500 1257 583 1320 quae
607 1236 646 1301 de
670 1236 819 1301 maximis
842 1235 1085 1320 quaestionibus
1108 1235 1238 1322 copiose
1265 1243 1379 1321 posset

183 1347 355 1426 ornateque
385 1341 502 1406 dicere.
559 1342 598 1406 In
632 1361 727 1424 quam
762 1340 1024 1406 exercitationem
1059 1340 1105 1404 ita
1137 1359 1196 1404 nos
1230 1338 1378 1406 studiose

182 1465 312 1530 operam
334 1443 559 1531 impendimus,
595 1451 630 1509 ut
661 1445 726 1509 iam
761 1445 859 1511 etiam
893 1443 1022 1510 scholas
1057 1443 1253 1510 Graecorum
1287 1463 1378 1510 more

182 1548 300 1614 habere
323 1548 529 1635 auderemus;
554 1556 589 1615 ut
611 1570 714 1635 nuper
735 1557 825 1614 tuum
847 1554 921 1634 post
943 1548 1122 1614 discessum
1144 1548 1177 1612 in
1192 1548 1378 1613 'lusculano

183 1673 256 1717 oum
278 1661 388 1720 essent
411 1654 590 1738 complures
613 1673 739 1720 mecum
762 1652 945 1734 familiares,
960 1652 1133 1738 temptavi,
1170 1653 1248 1735 quid
1280 1653 1314 1716 in
1337 1673 1379 1718 eo

183 1778 302 1841 genere
324 1759 457 1843 possim.
504 1757 548 1824 Ut
563 1759 650 1826 enim
665 1765 760 1825 antea
776 1757 1023 1825 declamitabam
1036 1777 1161 1840 causas,
1180 1755 1266 1841 quod
1280 1777 1378 1822 nemo

182 1883 233 1927 mc
257 1862 376 1927 diutius
399 1862 486 1944 fecit,
524 1859 571 1928 sic
593 1862 675 1929 haec
709 1859 787 1928 mihi
821 1882 906 1928 nuno
940 1858 1051 1928 senilis
1085 1869 1136 1927 cst
1169 1860 1374 1926 declamatio.

182 1967 305 2032 Ponere
328 1964 490 2046 iubebam,
520 1966 560 2032 de
584 1988 646 2050 quo
670 1967 741 2051 quis
765 1967 876 2033 audire
898 1966 1012 2049 vellet;
1047 1965 1089 2031 ad
1122 1963 1156 2030 id
1178 1969 1234 2030 aut
1257 1965 1378 2031 sedens

148 2079 238 2142 saut
260 2071 427 2136 ambulans
451 2069 661 2156 disputabam.
709 2073 823 2155 Itaque
846 2069 968 2136 dierum
993 2071 1132 2156 quinque
1167 2069 1304 2152 scholas,
1340 2077 1378 2134 ut

182 2175 296 2240 Graeci
318 2175 491 2261 appellant,
517 2175 550 2241 in
572 2175 705 2241 totidem
730 2175 829 2242 libros
853 2175 982 2241 contuli.
1030 2175 1145 2240 Flebat
1177 2181 1284 2240 autem
1318 2175 1376 2256 ita,

183 2286 226 2360 ut,
251 2300 323 2345 oum
345 2281 383 2362 is,
408 2281 463 2364 qui
486 2280 596 2346 audire
620 2281 727 2362 vellet,
750 2277 894 2362 dixisset,
919 2280 996 2364 quid
1027 2281 1088 2346 sibi
1111 2279 1283 2362 videretur,
1305 2285 1377 2345 tum

183 2405 244 2467 ego
268 2391 378 2450 contra
401 2383 549 2451 dicerem.
595 2386 685 2450 Haeo
709 2392 757 2451 est
773 2386 868 2467 enim,
891 2390 927 2450 ut
949 2384 1023 2464 scis,
1045 2390 1138 2451 vetus
1162 2392 1194 2450 et
1210 2385 1378 2451 Socratica

182 2489 262 2554 ratio
286 2495 398 2554 contra
419 2490 550 2555 alterius
585 2489 768 2574 opinionem
803 2487 998 2573 disserendi,
1024 2510 1097 2555 nam
1130 2489 1177 2555 ita
1210 2487 1374 2573 facillime,

183 2592 259 2676 quid
282 2595 349 2659 veri
372 2595 570 2660 simillimum
586 2603 681 2676 esset,
707 2595 842 2660 inveniri
865 2614 961 2680 posse
977 2595 1127 2660 Socrates
1150 2595 1376 2661 arbitrabatur.

182 2697 247 2763 Sed
270 2717 332 2780 quo
357 2697 556 2765 commodius
579 2697 815 2784 disputationes
837 2705 964 2764 nostrae
996 2699 1207 2784 explicentur,
1238 2698 1284 2763 sic
1319 2717 1377 2765 eas

183 2823 351 2888 exponam,
376 2803 466 2886 quasi
491 2811 608 2886 agatur
637 2822 698 2883 res,
735 2823 798 2868 non
821 2802 914 2885 quasi
936 2801 1108 2868 narretur(
1137 2803 1224 2885 Ergo
1255 2802 1300 2866 ita
1323 2825 1378 2868 na-

101 2921 105 2926 ·
182 2914 289 2972 sectur
311 2906 494 2972 exordium:

149 3067 165 3116 9
289 3029 437 3093 Malum
462 3029 563 3094 mihi
586 3027 756 3094 videtur
778 3049 870 3095 6666
894 3050 1009 3094 mors.

286 3133 382 3214 lisne,
409 3133 463 3216 qui
486 3134 601 3198 mortui
626 3141 708 3217 sunt,
731 3156 772 3198 an
795 3133 834 3197 iis
859 3133 974 3216 quibus
997 3133 1195 3198 moriendum
1219 3133 1291 3199 cst?

286 3235 447 3320 Utrisque.

287 3340 346 3406 ust
369 3341 519 3406 miserum
543 3341 650 3424 igitur,
675 3341 824 3424 quoniam
848 3340 974 3404 malum.

291 3443 394 3510 Certe.

285 3548 372 3630 Ergo
397 3555 428 3614 61
450 3549 482 3630 ii,
507 3547 623 3632 quibus
647 3549 752 3614 evcnit
768 3548 842 3629 iam,
865 3555 900 3612 ut
917 3553 1122 3631 morerentur,
1147 3550 1232 3632 etii,
1259 3550 1376 3633 quibus

184 3658 370 3716 eventurum
394 3660 452 3734 661,
477 3651 596 3719 miseri.

254 3813 259 3822 ,
286 3755 364 3818 Mihi
388 3756 432 3820 ita
455 3757 592 3822 videtur.
618 3838 620 3845 Ι

286 3860 390 3923 Nemo
414 3879 489 3942 ergo
514 3882 579 3926 non
603 3861 707 3926 miser.
