2986 4334
230 187 273 252 64
685 181 787 248 Dlsput.
806 181 963 233 Tusculanae
1461 30 1471 275 ί

1466 296 1470 345 l

1468 354 1471 403 1

177 403 212 455 oo
334 389 478 467 Quorsus
499 388 598 472 igitur
619 387 698 454 haec
721 393 846 472 spectat
875 386 1001 453 oratio?
1035 385 1126 464 Quae
1156 388 1197 453 sit
1227 389 1285 452 illa
1313 388 1360 452 vis
1394 397 1430 451 et

230 495 314 560 unde
337 493 388 574 sit,
422 491 674 578 intellegendum
704 499 791 576 puto.
838 491 911 557 Non
941 500 991 558 est
1020 499 1107 558 certe
1136 511 1198 558 nec
1228 492 1335 558 cordis
1362 512 1429 556 nec
1479 523 1480 540 ἢ

229 595 398 682 sanguinis
423 617 484 664 nec
507 596 629 664 cerebri
651 615 711 662 nec
734 603 927 680 atomorum
959 617 1036 662 num
1064 597 1189 661 animae
1220 593 1263 662 sit
1285 595 1428 679 ignisve,

229 702 346 784 nescio,
372 721 431 768 neo
454 721 504 768 me
528 699 637 786 pudet,
661 707 696 765 ut
725 701 815 780 istos,
838 700 933 765 fateri
967 697 1101 782 nescire,
1138 700 1226 783 quod
1260 699 1425 766 nesciam:

227 805 316 886 illud,
341 805 366 870 si
390 805 542 870 ullaulla
565 803 605 870 de
629 825 663 870 re
686 803 831 886 obscura,
856 803 1025 870 adfirmare
1048 823 1196 890 possem:
1221 799 1291 870 sive
1314 806 1428 868 anima

227 908 296 974 sive
319 908 406 994 ignis
429 909 470 974 sit
492 907 627 990 animus,
653 928 726 973 eum
750 907 887 974 iurarem
911 927 984 974 esse
1006 907 1160 974 divinum.
1208 905 1296 984 Quid
1312 907 1428 973 enim?

226 1013 360 1080 obsecro
383 1021 425 1094 te,
460 1019 587 1078 terrane
610 1011 667 1078 tibi
702 1012 763 1078 hoc
787 1013 943 1078 nebuloso
966 1019 998 1078 et
1032 1012 1211 1096 caliginoso
1242 1013 1336 1078 caelo
1368 1023 1430 1076 aut

227 1123 297 1184 sata
319 1123 375 1183 ant
398 1123 546 1183 concreta
568 1115 695 1182 videtur
717 1123 805 1182 tunm
828 1117 878 1183 vis
900 1116 1100 1183 memoriae?
1126 1116 1170 1197 Si,
1194 1117 1273 1198 quid
1285 1117 1329 1182 sit
1351 1116 1426 1196 hoc,

226 1241 288 1288 non
311 1221 412 1302 vides,
437 1227 478 1302 at,
503 1223 596 1304 quale
620 1221 670 1300 sit,
696 1220 804 1305 vides;
828 1221 856 1287 si
869 1241 910 1286 ne
933 1221 968 1286 id
983 1220 1121 1304 quidem,
1133 1229 1175 1301 at,
1189 1227 1346 1304 quantum
1371 1223 1424 1299 sit,

174 1349 206 1400 cr
228 1326 372 1412 profecto
402 1325 503 1392 vides.
555 1324 640 1402 Quid
671 1325 792 1409 igitur?
826 1333 931 1390 utrum
964 1325 1176 1410 capacitatem
1210 1325 1356 1407 aliquam
1389 1326 1426 1388 in

225 1430 332 1496 animo
355 1439 504 1516 putamus
528 1449 612 1513 esse,
647 1449 712 1513 quo
735 1436 898 1513 tamquam
929 1429 962 1494 in
996 1428 1128 1512 aliquod
1161 1449 1220 1495 vas
1254 1450 1304 1510 ea,
1340 1451 1425 1514 qnae

225 1535 436 1616 meminimus,
462 1534 696 1600 infundantur?
720 1533 904 1600 ,lbsurdum
927 1534 964 1598 id
984 1533 1122 1618 quidem.
1168 1533 1231 1612 Qui
1244 1535 1333 1600 enim
1354 1534 1424 1599 fun·

225 1638 286 1704 dus
308 1645 364 1704 aut
387 1659 470 1724 quae
492 1639 567 1704 talis
590 1639 689 1704 animi
713 1637 817 1722 figura
839 1639 985 1724 intellegi
1007 1645 1112 1724 potest
1135 1646 1190 1704 aut
1212 1660 1297 1722 quae
1332 1646 1420 1704 tanta

224 1743 352 1810 omnino
375 1743 563 1828 capacitas?
587 1744 637 1808 An
662 1743 801 1829 imprimi
825 1742 917 1826 quasi
952 1764 1058 1810 ceram
1081 1744 1224 1808 animum
1254 1750 1418 1828 putamus,

224 1856 257 1916 et
279 1867 351 1914 esse
368 1847 553 1913 memoriam
580 1847 779 1930 signatarum
802 1866 908 1912 rerum
935 1847 968 1912 in
995 1854 1103 1914 mente
1125 1847 1291 1931 vestigia?
1328 1849 1418 1926 Quae

223 1959 359 2038 possunt
373 1951 549 2031 verborum,
571 1971 652 2034 quae
668 1971 773 2016 rerum
795 1948 940 2036 ipsarum
959 1972 1032 2020 esse
1053 1951 1202 2036 vestigia,
1225 1972 1311 2036 quae
1326 1975 1418 2039 porro

223 2063 289 2122 tam
311 2056 457 2122 inmensa
479 2055 677 2138 magnitudo,
709 2075 792 2138 quae
815 2055 873 2120 illa
895 2063 962 2121 tam
985 2058 1085 2123 multa
1107 2057 1211 2142 possit
1237 2056 1418 2142 effingere?

328 2195 438 2272 Quid?
461 2195 517 2260 illa
540 2197 589 2264 vis
615 2217 697 2278 quae
719 2198 851 2262 tandem
874 2203 931 2279 est,
957 2218 1040 2282 quae
1071 2197 1250 2281 investigat
1281 2199 1417 2280 occulta,

223 2319 305 2382 quae
329 2299 470 2366 inventio
493 2307 589 2383 atque
612 2301 809 2384 excogitatio
832 2300 974 2366 dicitur?
996 2301 1046 2366 Ex
1069 2303 1171 2368 haene
1194 2301 1254 2367 tibi
1289 2310 1419 2369 terrena

171 2415 204 2465 62
223 2403 414 2486 mortalique
436 2411 552 2470 natura
574 2404 739 2470 etcaduca
761 2411 910 2470 concreta
925 2426 965 2470 ea
987 2406 1124 2491 videtur,
1140 2414 1195 2472 aut
1211 2407 1267 2488 qui
1283 2407 1419 2492 primus,

221 2507 308 2588 quod
331 2527 473 2574 summae
497 2510 676 2594 sapientiae
699 2509 904 2592 Pythagorae
927 2509 1032 2575 visum
1055 2516 1113 2592 est,
1146 2510 1296 2576 omnibus
1319 2513 1419 2578 rebus

221 2610 373 2696 imposuit
396 2613 532 2694 nomina,
556 2619 611 2678 aut
634 2613 688 2696 qui
712 2611 886 2698 dissipatos
907 2613 1053 2680 homines
1084 2616 1295 2700 congregavit
1319 2622 1353 2680 et
1377 2616 1419 2680 ad

221 2715 408 2782 societatem
431 2716 516 2782 vitae
550 2717 749 2797 convocavit,
781 2723 836 2782 aut
867 2718 920 2801 qui
944 2738 1040 2785 sonos
1073 2719 1171 2799 vocis,
1207 2719 1263 2801 qui
1297 2719 1419 2786 infiniti

220 2819 421 2902 videbantur,
446 2821 556 2906 paucis
578 2821 757 2887 litterarum
772 2821 857 2888 notis
879 2823 1073 2905 terminavit,
1098 2829 1154 2888 aut
1170 2823 1225 2905 qui
1241 2825 1419 2890 errantium

219 2925 384 2992 stellarum
424 2944 545 3008 cursus,
583 2925 857 3012 praegressiones,
897 2923 1078 2992 institiones
1119 2926 1243 2992 notavit
1277 2931 1417 2995 omnes?

219 3031 328 3116 Magni
352 3031 450 3097 etiam
473 3031 662 3116 superiores,
690 3032 744 3115 qui
767 3032 888 3115 fruges,
913 3031 968 3114 qui
990 3032 1150 3114 vestitum,
1168 3031 1223 3115 qui
1239 3039 1336 3112 tecta,
1363 3036 1419 3117 qui

219 3137 340 3202 cultum
362 3135 458 3218 vitae,
483 3136 537 3218 qui
572 3134 734 3221 praesidio
756 3141 866 3202 contra
888 3135 974 3202 feras
1009 3136 1209 3222 invenerunt,
1244 3159 1264 3202 a
1299 3139 1419 3220 quibus

218 3240 430 3307 mansuefacti
466 3247 498 3307 et
531 3241 650 3307 exculti
681 3261 701 3305 a
734 3237 926 3306 necessariis
959 3240 1103 3307 artificiis
1137 3240 1179 3306 ad
1213 3241 1418 3326 elegantiora

219 3343 419 3410 defluximus.
465 3345 548 3410 Nam
572 3351 604 3412 et
626 3345 757 3411 auribus
774 3345 945 3412 oblectatio
968 3367 1087 3429 magna
1109 3352 1201 3431 parta
1217 3351 1267 3412 est
1282 3345 1416 3412 inventa

217 3453 249 3514 et
271 3454 450 3534 temperata
472 3449 637 3516 varietate·
651 3456 683 3516 et
706 3457 822 3516 natura
845 3468 1002 3532 sonorum,
1036 3457 1068 3515 et
1090 3455 1176 3516 astra
1206 3449 1412 3536 suspeximus

218 3573 363 3631 cumea,
388 3573 470 3636 quae
504 3562 579 3620 sunt
601 3553 700 3621 infixa
734 3554 831 3621 certis
866 3555 955 3637 locis,
981 3561 1049 3619 tum
1083 3554 1140 3618 illa
1173 3574 1237 3619 non
1270 3575 1314 3634 re,
1352 3558 1410 3624 sed

217 3657 374 3723 vocabulo
397 3657 552 3742 errantia;
587 3678 721 3742 quorum
756 3660 983 3726 conversiones
1017 3677 1192 3742 omnesque
1225 3664 1332 3728 motus
1356 3661 1438 3744 qui·

218 3762 325 3828 animo
349 3760 440 3841 vidit,
463 3762 492 3828 is
516 3763 623 3829 docuit
646 3765 783 3830 similem
805 3765 945 3830 animum
969 3784 1062 3830 suum
1085 3765 1154 3830 eius
1178 3783 1259 3845 esse,
1292 3764 1408 3848 quiea

161 3867 389 3934 uetabricatus
413 3873 501 3934 esset
526 3868 680 3934 incaelo.
726 3869 810 3934 Nam
840 3889 912 3935 cum
936 3867 1145 3935 Archimedes
1175 3869 1279 3950 lunae,
1316 3871 1401 3952 solis,
