3022 4330
605 223 626 283 Ι,
644 223 659 288 5
675 224 787 278 88-92.
1257 225 1298 288 75

95 431 198 497 nimis
221 450 328 514 saepe,
353 429 411 495 scd
434 450 481 510 eo,
509 428 594 514 qnod
617 430 648 495 in
673 431 734 496 hoc
757 433 840 498 inest
864 429 966 498 omnis
988 431 1087 496 animi
1121 433 1296 498 contractio

95 557 143 602 cx
166 540 255 601 metu
277 535 400 602 mortis.
448 535 511 613 Qui
534 535 619 602 enlm
643 536 722 602 salis
746 535 875 617 viderit,
900 535 934 600 id
958 534 1044 619 quod
1066 543 1115 601 cst
1140 535 1211 602 lnce
1235 539 1297 602 cla·

96 641 179 720 rins,
203 637 308 706 animo
331 646 363 706 et
386 658 519 724 corpore
543 648 732 726 consumpto
762 647 894 724 totoque
929 639 1090 706 animante
1124 639 1230 708 deleto
1265 649 1296 706 et

96 745 191 811 facto
213 743 344 812 interitu
367 743 520 812 universo
544 744 624 810 illud
645 743 775 827 animal,
812 743 899 828 qnod
928 743 1035 825 fuerit,
1068 743 1190 810 iactum
1223 763 1296 810 esse

99 847 194 930 nihil,
218 852 246 916 is
268 849 366 935 plane
396 850 569 935 perspiciet
598 850 681 914 inter
704 848 1013 935 Hippocentaurum,
1045 850 1101 932 qui
1123 867 1295 932 numquam

98 953 210 1035 fuerit,
236 961 269 1019 ot
289 971 400 1036 rogem
422 952 696 1036 Agamemnonem
719 953 798 1018 nihil
822 955 989 1035 interesse,
1014 973 1073 1018 nec
1096 951 1196 1037 pluris
1212 973 1296 1020 nunc

99 1056 211 1123 iacere
233 1056 274 1122 Μ.
301 1057 470 1124 Camillum
493 1057 554 1122 hoc
579 1059 673 1124 civile
697 1058 826 1139 bellum,
852 1078 946 1140 quam
970 1076 1031 1140 ego
1054 1059 1129 1124 vivo
1162 1056 1219 1122 illo
1253 1057 1296 1123 fo-

100 1164 204 1228 cerim
226 1161 359 1228 Romam
382 1168 519 1248 captam.
566 1161 629 1228 Gur
651 1165 749 1246 igitur
774 1169 805 1227 ot
830 1162 984 1228 Camillus
1008 1162 1140 1244 doleret,
1164 1164 1193 1227 si
1215 1161 1295 1227 haec

100 1271 178 1351 post
200 1272 362 1333 trecentos
385 1273 417 1333 et
439 1269 673 1351 qninquaginta
696 1266 765 1332 fere
787 1285 889 1334 annos
911 1273 1064 1332 eventura
1096 1273 1233 1352 putaret,
1264 1275 1296 1331 et

101 1389 168 1453 ego
191 1369 327 1451 doleam,
352 1373 380 1436 si
402 1370 444 1436 ad
467 1369 580 1436 decem
604 1369 692 1436 milia
715 1391 869 1436 annorum
893 1376 1022 1455 gentem
1045 1371 1183 1453 aliquam
1216 1371 1294 1436 nrbe

100 1480 211 1541 nostra
232 1477 406 1560 potituram
427 1475 562 1560 putem?
587 1474 670 1551 Quia
692 1483 782 1540 tanta
805 1477 923 1540 caritas
939 1477 1060 1559 patriae
1085 1481 1143 1556 est,
1167 1481 1201 1538 nt
1224 1494 1295 1540 eam

102 1601 167 1646 non
192 1598 288 1646 sensu
311 1587 429 1662 nostro,
452 1579 512 1646 sed
535 1581 640 1646 salute
663 1583 766 1665 ipsius
789 1583 968 1646 metiamur.
1014 1579 1127 1662 Itaque
1156 1599 1218 1646 non
1242 1578 1294 1643 de·
1313 1582 1344 1634 91

102 1691 203 1750 terret
225 1686 403 1770 sapientem
427 1703 521 1764 mors,
550 1704 632 1768 quae
656 1691 786 1770 propter
808 1687 947 1750 incertos
971 1703 1065 1750 casus
1100 1682 1218 1750 cotidie
1240 1685 1296 1747 im-

103 1791 213 1867 minet,
236 1793 365 1874 propter
387 1790 577 1856 brevitatem
600 1791 686 1854 vitae
708 1807 880 1872 numquam
902 1793 1010 1873 potest
1039 1787 1135 1872 longe
1168 1788 1294 1866 abesse,

103 1911 167 1974 quo
191 1894 295 1958 minus
318 1896 349 1958 in
374 1913 467 1958 omne
489 1899 615 1978 tempus
648 1895 695 1958 rei
724 1891 873 1978 publicae
906 1895 1035 1976 suisque
1069 1892 1223 1974 consulat,
1259 1901 1295 1958 nt

104 1999 322 2080 posteritatem
344 2001 456 2082 ipsam,
481 1999 573 2063 ouius
597 2015 726 2064 sensnm
742 1997 909 2063 habiturus
923 2018 987 2063 non
1010 1999 1061 2079 sit,
1084 1996 1125 2060 ad
1148 2016 1182 2063 se
1204 2003 1295 2082 putet

102 2102 271 2187 pertinere.
321 2102 427 2179 Quare
449 2103 525 2174 licet
548 2105 644 2167 etiam
668 2103 834 2167 mortalem
857 2121 930 2168 osse
945 2103 1085 2167 animum
1100 2101 1294 2166 iudicantem

103 2209 235 2270 aeterna
256 2206 369 2288 moliri,
395 2225 459 2271 non
482 2207 606 2289 gloriae
629 2205 816 2291 cupiditate,
840 2225 934 2289 quam
958 2224 1110 2270 sensurus
1140 2224 1203 2270 non
1237 2207 1292 2285 sis,

105 2309 164 2373 sed
187 2311 322 2389 virtutis,
347 2328 442 2392 quam
465 2312 648 2375 necessario
679 2311 789 2392 gloria,
826 2311 951 2374 etiamsi
985 2316 1019 2374 tu
1052 2308 1085 2374 id
1108 2328 1169 2374 non
1203 2329 1293 2391 agas,

102 2419 325 2495 consequatur.

211 2551 333 2616 Natura
357 2573 434 2616 vcro
459 2553 485 2616 si
508 2573 542 2618 se
566 2556 613 2618 sio
636 2553 742 2634 habet,
766 2560 809 2632 ut,
834 2553 1014 2634 quomodo
1046 2556 1170 2618 initium
1201 2555 1292 2619 nobis

103 2675 207 2720 rerum
230 2657 370 2721 omnium
393 2663 480 2722 ortus
503 2663 613 2722 noster
635 2655 770 2738 adierat,
803 2660 849 2724 sic
877 2657 997 2722 exitum
1020 2677 1115 2738 mors,
1146 2663 1181 2723 nt
1214 2658 1292 2724 nihil

102 2761 254 2841 pertinuit
276 2760 318 2824 ad
341 2780 399 2825 nos
422 2768 495 2826 ante
519 2768 632 2843 ortum,
664 2764 710 2828 sio
732 2762 814 2828 nihil
837 2770 910 2848 post
944 2769 1076 2828 mortem
1110 2763 1291 2848 pertinebit.

102 2863 138 2926 In
161 2881 225 2946 quo
249 2864 327 2946 quid
348 2873 453 2949 potest
476 2884 549 2931 esse
572 2867 657 2947 mali,
682 2887 755 2931 cnm
778 2887 863 2932 mors
885 2887 944 2932 nco
967 2865 1112 2934 advivos
1135 2870 1293 2952 pertineat

103 2987 161 3032 uec
184 2967 226 3030 ad
249 2970 415 3034 mortuos?
439 2969 540 3034 Alteri
562 2970 641 3035 nulli
664 2979 744 3051 sunt,
770 2973 887 3037 alteros
910 2993 974 3036 non
997 2975 1141 3054 attinget.
1190 2972 1292 3049 Quam
1310 2975 1344 3026 92

102 3074 155 3154 qui
178 3071 332 3139 leviorem
354 3072 485 3155 faciunt,
509 3076 610 3139 comni
634 3075 825 3140 simillimam
848 3077 958 3140 volunt
981 3096 1061 3156 esse,
1094 3079 1187 3157 quasi
1217 3095 1291 3141 vero

103 3180 269 3260 quisquam
292 3179 339 3242 ita
361 3181 537 3260 nonaginta
559 3199 661 3244 annos
684 3180 762 3244 velit
792 3182 911 3261 vivere,
944 3188 989 3260 ut,
1020 3199 1091 3244 curn
1121 3181 1293 3264 sexaginta

102 3280 284 3362 confecerit,
309 3283 451 3365 reliquos
475 3283 621 3348 dormiat.
687 3283 737 3348 Ne
772 3286 822 3349 sui
856 3281 985 3366 quidem
1018 3282 1052 3347 id
1085 3283 1193 3365 velint,
1228 3303 1290 3348 non

105 3386 198 3451 modo
221 3389 302 3470 ipse.
348 3386 530 3470 Endymion
554 3407 639 3468 vero,
664 3391 692 3452 si
714 3389 841 3453 fabulas
864 3387 977 3452 andire
1000 3389 1154 3468 volumus,
1180 3395 1214 3451 ut
1240 3409 1291 3454 ne-

13 3531 18 3552 .
102 3491 166 3555 scio
190 3490 317 3573 qnando
333 3493 365 3555 in
382 3491 494 3556 Latmo
517 3491 717 3571 obdormivit,
741 3495 796 3574 qui
819 3499 867 3557 est
890 3511 980 3557 mons
993 3491 1115 3572 Cariae,
1139 3492 1290 3574 nondum,

102 3597 221 3680 opinor,
245 3599 294 3660 est
317 3601 533 3680 experrectus.
579 3594 663 3659 Num
697 3597 797 3678 igitur
819 3615 890 3660 enm
922 3615 1033 3660 curare
1063 3615 1185 3678 censes,
1219 3616 1291 3662 cnm

103 3699 190 3763 erna
211 3698 360 3764 laboret?
382 3721 402 3764 a
425 3718 488 3782 qna
518 3701 702 3784 consopitus
731 3705 870 3784 putatur,
906 3707 940 3763 ut
974 3720 1046 3764 eum
1079 3699 1290 3766 dormientem

103 3802 304 3867 oscularetur.
352 3801 436 3878 Quid
459 3809 547 3868 curet
569 3809 685 3883 autem,
722 3791 775 3885 qui
798 3823 839 3867 ne
862 3806 958 3869 sentit
991 3803 1145 3886 quidem?
1180 3804 1289 3869 Habes

104 3925 245 3969 somnum
268 3907 443 3988 imaginem
466 3909 577 3971 mortis
613 3927 746 3989 caruquo
782 3906 900 3971 cotidie
935 3907 1049 3988 induis,
1085 3915 1117 3973 et
1151 3908 1288 3989 dubitas,
