2986 4334
527 220 658 272 Somnium
676 219 802 287 Scipionis
819 223 932 276 25—27.
1279 222 1322 286 45

236 428 397 506 Quocirca
419 431 446 494 si
469 425 606 495 reditum
635 431 669 493 iu
691 428 774 493 hunc
798 430 902 494 locum
936 427 1167 513 desperaveris,
1202 427 1235 492 in
1258 447 1321 512 quo
1340 437 1373 490 25

124 537 234 600 omnia
266 541 341 600 sunt
362 536 488 617 magnis
518 541 550 599 et
581 533 819 618 praestantibus
848 535 936 614 viris,
973 533 1083 616 quanti
1114 533 1243 600 modam
1273 541 1324 600 est

125 642 190 704 ista
213 638 377 703 homiuum
399 638 512 721 glorio,
553 657 634 721 quae
657 639 817 723 pertinere
840 640 894 703 vix
916 636 959 702 ad
982 639 1076 704 unius
1099 641 1176 703 anni
1198 645 1322 724 partem

124 745 280 826 exiguam
304 739 434 826 potest?
457 742 564 826 Igitur
578 743 642 807 alte
666 749 811 828 spectare
835 745 862 808 si
886 741 976 808 voles
992 748 1088 824 atque
1111 743 1196 810 hanc
1211 741 1321 809 sedam

125 856 158 912 et
182 854 346 912 aeternam
369 845 497 911 domum
522 848 674 927 contueri,
709 867 812 929 neque
834 854 867 912 te
891 848 1092 912 sermonibus
1122 847 1212 930 vulgi
1235 846 1321 913 dedi-

126 951 214 1018 deris
236 971 297 1016 nec
331 953 362 1016 in
387 953 538 1034 praemiis
573 950 722 1016 humanis
745 969 836 1036 spem
870 950 1018 1035 posueris
1046 969 1153 1016 rernm
1186 960 1321 1017 tuarum.

127 1057 204 1122 Suis
227 1063 260 1120 te
294 1063 420 1139 oportet
441 1056 613 1120 inlecebris
647 1058 720 1140 ipsa
742 1057 843 1121 virtus
877 1055 984 1120 trahat
1006 1054 1047 1122 ad
1078 1075 1189 1121 verum
1213 1056 1320 1139 decus,

125 1159 259 1242 quidde
274 1167 306 1224 te
322 1155 378 1223 alii
394 1158 574 1242 loquantur,
588 1160 648 1245 ipsi
664 1158 803 1225 videant.
822 1157 888 1226 Sed
903 1160 1074 1244 loquentur
1088 1167 1204 1241 tamen
1218 1181 1321 1228 sermo

124 1269 233 1329 antem
257 1263 360 1328 omnis
384 1263 439 1329 ille
463 1269 494 1329 et
518 1264 676 1346 angustiis
692 1265 831 1348 cingitur
853 1265 892 1330 iis
915 1265 1092 1352 regionum,
1115 1285 1196 1349 quas
1219 1266 1320 1350 vides,

124 1389 186 1434 nec
209 1389 361 1451 umquam
385 1367 425 1435 de
448 1369 514 1433 ullo
531 1369 679 1454 parennis
703 1367 764 1434 luit
786 1375 817 1435 et
837 1369 981 1434 obruitur
1002 1353 1321 1436 hominumiras-itu

125 1481 158 1540 et
183 1472 346 1538 oblivione
369 1473 566 1557 posteritatis
588 1473 799 1556 extinguitur.

232 1597 324 1673 Quae
348 1614 420 1660 cum
442 1593 590 1675 dixisset,
612 1595 684 1679 Ego
699 1615 784 1675 vero,
810 1597 950 1678 inquam,
975 1595 1138 1678 Africana,
1164 1595 1321 1680 siquidem
1339 1601 1372 1651 26

125 1701 209 1765 bene
231 1698 355 1764 meritis
372 1698 412 1764 de
435 1699 540 1784 patria
555 1699 646 1783 quasi
669 1699 761 1765 limes
784 1699 826 1765 ad
842 1700 921 1766 caeli
946 1699 1069 1767 aditum
1092 1707 1191 1787 patet,
1217 1721 1321 1785 quam-

125 1825 223 1888 quam
246 1825 266 1868 a
289 1803 425 1887 pueritia
448 1803 594 1886 vestigiis
618 1804 784 1887 ingressus
814 1805 914 1890 patris
939 1813 971 1871 et
994 1806 1059 1870 tuis
1081 1805 1188 1872 decori
1212 1813 1320 1872 vestro

125 1927 191 1974 non
214 1905 313 1986 defui,
336 1915 544 1974 cunctamen
564 1915 654 1973 tanto
678 1910 820 1994 praemio
844 1911 990 1994 exposito
1007 1909 1112 1975 enitar
1126 1909 1225 1976 multo
1242 1911 1321 1994 vigi-

125 2012 256 2079 lantius.
304 2012 344 2076 Et
366 2011 437 2078 ille:
472 2012 521 2076 Tu
543 2033 620 2078 vero
651 2013 772 2078 enitere
803 2019 835 2078 ct
865 2013 911 2079 sic
943 2013 1069 2096 habeto,
1106 2035 1169 2080 non
1193 2034 1265 2080 esse
1288 2021 1320 2080 te

125 2118 303 2196 mortalem,
328 2116 387 2183 sad
410 2136 525 2202 corpus
547 2117 621 2202 llcc;
646 2138 706 2182 nec
730 2119 815 2183 enim
838 2125 873 2183 tu
896 2119 923 2184 is
947 2137 992 2200 es,
1017 2139 1111 2202 quem
1134 2117 1236 2184 forma
1259 2119 1321 2186 ista

127 2223 281 2304 declarat,
305 2221 362 2289 sed
385 2242 475 2288 mens
491 2222 645 2306 cuiusque
669 2223 696 2288 is
719 2227 768 2288 est
784 2223 929 2305 quisquc,
952 2244 1015 2289 non
1039 2244 1079 2290 ea
1100 2223 1212 2306 figura,
1237 2245 1320 2307 quac

126 2328 231 2411 digito
254 2317 465 2394 demonstrari
488 2333 603 2412 potest.
651 2327 755 2418 Deum
777 2335 810 2392 tc
832 2327 930 2410 igitur
952 2327 1033 2392 scito
1056 2347 1136 2408 asse,
1162 2327 1319 2411 siquidem

126 2439 177 2500 est
199 2432 292 2512 deus,
323 2431 376 2514 qui
400 2431 497 2515 viget,
530 2431 584 2514 qui
608 2431 716 2509 sentit,
741 2432 795 2513 qui
818 2435 969 2512 meminit,
1006 2435 1061 2514 qui
1083 2431 1239 2518 providet,
1265 2438 1318 2516 qui

125 2545 193 2602 tam
216 2539 299 2620 regit
321 2542 353 2600 et
375 2536 559 2601 moderatur
574 2541 607 2601 et
629 2543 735 2601 movet
758 2535 792 2600 id
815 2555 939 2620 cerpus,
963 2537 1015 2601 cui
1033 2537 1236 2622 praepositus
1260 2547 1318 2615 est,

126 2661 223 2724 quam
239 2641 324 2705 hunc
339 2639 492 2706 mundum
507 2640 561 2705 ille
578 2640 728 2725 princeps
744 2639 839 2726 dcus;
858 2647 889 2706 et
905 2647 939 2706 ut
954 2639 1108 2708 mundum
1124 2663 1163 2707 cx
1181 2643 1318 2725 quadam

125 2751 219 2832 parte
249 2744 416 2810 mortalem
439 2745 507 2829 ipsc
538 2743 617 2810 deus
641 2753 801 2824 aeternus,
836 2746 883 2810 sic
905 2747 1022 2830 fragile
1054 2765 1169 2832 corpus
1193 2750 1317 2812 animus

125 2852 338 2934 sempiternus
361 2855 476 2914 movet.

235 2970 319 3036 Nam
342 2971 427 3054 quod
459 2989 584 3055 semper
613 2979 765 3052 movetur,
801 2979 964 3038 aeternum
995 2979 1059 3056 est3
1096 2972 1180 3054 quod
1210 2979 1317 3038 autem
1335 2970 1368 3022 27

125 3081 248 3140 motum
270 3073 377 3140 adfert
399 3075 503 3154 alicui,
540 3075 687 3158 quodque
710 3075 813 3160 ipsum
848 3079 990 3160 agitatur
1012 3075 1153 3156 aliunde,
1189 3075 1316 3159 quando

126 3177 222 3245 finem
245 3178 342 3244 habet
363 3186 479 3260 motus,
514 3178 643 3245 vivendi
669 3179 764 3245 tinem
797 3181 914 3245 habeat
936 3200 1070 3246 necesse
1102 3186 1160 3246 cst.
1207 3179 1317 3244 Solum

125 3283 232 3366 igitur,
258 3284 343 3366 quod
357 3303 429 3351 sese
444 3291 560 3365 movet,
585 3284 660 3367 quia
674 3305 848 3368 numquam
864 3285 1020 3351 deseritur
1034 3308 1054 3351 a
1076 3305 1120 3366 se,
1144 3305 1316 3367 numquam

125 3408 166 3452 nc
190 3389 311 3454 moveri
334 3388 464 3472 quidem
487 3388 623 3473 desinit3
657 3393 732 3472 quin
756 3393 852 3455 etiam
875 3393 999 3469 ceteris,
1031 3409 1113 3473 quae
1135 3396 1312 3471 moventur,

126 3493 179 3557 hic
201 3491 282 3573 fons,
306 3492 367 3558 hcc
383 3492 575 3577 principium
599 3501 646 3558 est
661 3493 820 3559 movendi.
851 3494 1003 3578 Principii
1027 3501 1134 3560 autem
1155 3495 1246 3560 nulla
1268 3501 1316 3560 est

126 3599 233 3680 erigo;
257 3617 331 3663 nam
355 3618 394 3662 ex
417 3597 575 3682 principio
598 3601 743 3662 criuntur
766 3602 879 3679 omnia,
908 3601 1014 3681 ipsum
1036 3605 1144 3664 autem
1165 3599 1253 3664 nulla
1275 3619 1315 3663 cx

125 3722 159 3766 re
183 3699 248 3766 alia
269 3703 360 3766 nasci
382 3708 502 3786 potest;
537 3722 598 3766 nec
621 3705 706 3766 enim
729 3710 816 3767 esset
846 3701 879 3766 id
914 3703 1113 3787 principium,
1150 3703 1236 3786 quod
1270 3705 1316 3784 gi-

126 3809 279 3888 gneretur
301 3803 440 3870 aliunde.
489 3805 583 3882 Quod
607 3805 632 3870 si
655 3826 827 3888 numquam
851 3805 958 3886 oritur,
982 3827 1022 3872 ne
1046 3806 1164 3872 occidit
1187 3807 1315 3889 quidem

126 3929 293 3993 umquam,
330 3929 404 3974 nam
427 3909 617 3994 principium
651 3913 827 3975 extinctum
849 3931 909 3976 nec
932 3914 1036 3994 ipsum
1059 3911 1100 3975 ab
1130 3912 1193 3974 alio
1227 3931 1315 3975 rena·
