2986 4334
215 215 257 280 22
648 218 688 266 De
705 233 731 266 re
749 219 849 283 publiea
868 221 889 279 1,
909 225 932 276 3.
951 225 975 276 4,

214 419 284 485 eius
308 427 359 486 est
380 420 540 487 maximus
562 422 703 489 eivitatis
725 426 917 508 gubernatio
939 435 972 494 et
994 449 1106 498 earum
1128 431 1271 518 ipsarum
1292 455 1411 518 rerum,

214 543 294 607 quas
327 523 381 590 isti
404 524 437 590 in
459 526 587 610 angulis
609 536 792 614 personant,
827 551 950 618 reapse,
984 554 1050 602 non
1072 535 1216 606 oratione
1238 538 1408 626 perfectio.

212 625 303 694 Nihil
325 629 410 695 enim
432 629 550 698 dieitur
571 632 816 720 aphilosophis,
840 636 926 720 quod
948 635 1079 722 quidem
1100 646 1185 708 reote
1208 639 1411 728 honesteque

213 733 348 814 dicatur,
381 735 468 818 quod
490 757 556 802 non
585 737 627 802 ab
650 737 692 804 iis
715 745 840 826 partum
864 742 1147 832 confirmatumque
1169 747 1223 829 sit,
1252 769 1274 814 a
1295 749 1416 832 quibus

214 837 400 905 eivitatibus
422 840 494 908 iura
516 838 670 928 diseripta
694 851 777 912 sunt.
824 845 918 916 Unde
941 849 1025 916 enim
1046 850 1152 936 pietas
1173 860 1230 920 aut
1252 874 1273 920 a
1295 854 1416 938 quibus

213 942 354 1027 religio?
391 945 477 1011 unde
499 945 549 1013 ius
571 954 629 1013 aut
661 949 806 1031 gentium
829 957 887 1016 aut
916 951 978 1020 hoo
1000 953 1104 1038 ipsum
1138 955 1233 1023 oivile
1256 956 1343 1041 quod
1368 957 1416 1023 di-

214 1047 320 1115 eitur?
351 1049 436 1116 unde
458 1050 592 1135 iustitia,
628 1051 717 1136 fides,
752 1055 926 1140 aequitas?
959 1057 1044 1124 unde
1065 1058 1179 1145 pudor,
1203 1061 1412 1144 eontinentia,

213 1154 293 1237 fuga
315 1156 532 1242 turpitudinis,
570 1159 758 1246 adpetentia
780 1159 886 1227 laudis
909 1161 1166 1229 ethonestatis?
1203 1164 1289 1232 unde
1311 1166 1345 1230 in
1370 1166 1415 1232 la-

213 1260 344 1330 boribus
378 1272 411 1330 et
433 1265 584 1350 perieulis
617 1265 796 1332 fortitudo?
836 1267 963 1353 Nempe
986 1268 1028 1334 ab
1050 1267 1099 1350 iis,
1134 1269 1191 1352 qui
1212 1269 1294 1336 haee
1316 1269 1414 1338 disei-

212 1366 308 1450 plinis
330 1368 502 1435 informata
517 1370 582 1436 alia
604 1371 745 1437 moribus
760 1370 996 1454 oonfirmarunt,
1020 1380 1198 1440 sanxerunt
1221 1380 1329 1460 autem
1344 1375 1415 1440 alia

178 1473 350 1557 3legibus.
399 1474 485 1552 Quin
522 1475 619 1542 etiam
657 1477 861 1543 Xenocraten
896 1475 1013 1558 ferunt,
1051 1477 1192 1543 nobilem
1229 1477 1262 1543 iu
1295 1479 1414 1564 primis

212 1579 448 1666 philosophum,
471 1580 555 1664 {oum
578 1587 785 1666 quaereretur
813 1601 854 1647 ex
876 1602 925 1661 eo,
961 1580 1039 1666 quid
1062 1582 1318 1666 adsequerentur
1340 1584 1415 1651 eius

213 1683 372 1772 discipuli,
394 1684 610 1772 respondisse,
633 1693 669 1752 ut
684 1685 718 1750 id
734 1705 795 1752 sua
816 1691 930 1774 sponte
945 1685 1098 1768 iacerent,
1119 1687 1206 1771 quod
1219 1695 1415 1772 cogerentur

212 1787 319 1856 faeere
346 1790 483 1876 legibus.
528 1791 616 1876 Ergo
638 1790 693 1858 ille
717 1791 807 1874 oivis,
832 1791 943 1874 quiid
967 1790 1053 1876 eogit
1075 1811 1187 1860 omues
1209 1791 1343 1878 imperio
1366 1794 1415 1859 le-

213 1916 353 1980 gumque
376 1916 489 1982 poena,
514 1896 599 1979 qued
628 1896 683 1962 vix
705 1896 815 1983 paneis
841 1899 1036 1983 persuadere
1058 1897 1202 1964 oratione
1223 1897 1412 1983 philosophi

213 2009 358 2086 possunt,
393 2002 489 2067 etiam
511 2000 561 2082 iis,
596 2001 650 2084 qui
680 2001 737 2067 illa
770 2001 946 2088 disputant,
981 2003 1061 2089 ipsis
1091 2009 1142 2070 est
1175 2002 1411 2088 praeferendus
1467 2067 1468 2070 ,

212 2107 405 2172 doctoribus.
452 2105 543 2183 Quae
566 2114 616 2173 est
637 2107 723 2172 enim
746 2107 879 2174 istorum
902 2108 1003 2174 oratio
1025 2116 1090 2174 tam
1113 2107 1282 2192 exquisita,
1322 2129 1411 2191 quae
1467 2131 1468 2140 ¹

212 2212 253 2277 sit
269 2212 494 2297 anteponenda
508 2213 591 2279 bene
606 2213 800 2280 eonstitutae
815 2214 938 2281 civitati
953 2213 1081 2299 publieo
1095 2214 1166 2280 iure
1189 2221 1222 2282 et
1237 2212 1410 2280 moribus?

212 2315 371 2400 Equidem
394 2337 489 2401 quem
511 2316 554 2384 ad
576 2319 704 2384 modum
730 2319 875 2403 „urbes
897 2337 1068 2402 magnas
1091 2325 1217 2404 atque
1239 2318 1408 2404 imperi-

143 2442 145 2446 ·
212 2421 336 2504 osas“,
362 2430 397 2487 ut
419 2423 560 2510 appellat
575 2424 707 2510 Ennius,
729 2423 844 2491 viendis
860 2431 892 2490 et
915 2423 1056 2492 castellis
1071 2423 1297 2510 praeferendus
1312 2425 1404 2508 puto,

212 2523 257 2594 sio
281 2546 346 2608 eos,
371 2523 499 2611 quibis
522 2528 655 2595 urbibus
678 2529 811 2594 oonsilio
834 2536 930 2613 atque
952 2528 1141 2595 auctoritate
1163 2532 1325 2614 praesunt,
1349 2528 1405 2611 iis,

211 2631 265 2712 qui
288 2631 393 2697 omnis
426 2631 550 2716 negotii
579 2632 699 2717 publioi
730 2639 879 2718 expertes
902 2641 984 2714 sunt,
1016 2633 1112 2716 longe
1136 2632 1221 2698 duoo
1244 2631 1408 2717 sapientia

211 2735 282 2820 ipsa
304 2755 376 2802 esse
399 2736 648 2822 anteponendos.
695 2738 738 2802 Et
761 2737 912 2821 quoniam
934 2737 1074 2803 maxime
1104 2737 1246 2823 rapimur
1266 2735 1310 2802 ad
1325 2757 1409 2823 opes

211 2839 376 2922 augendos
406 2840 535 2925 generis
565 2840 697 2906 humani
728 2841 956 2927 studemusque
985 2842 1105 2908 nostris
1139 2837 1283 2909 consiliis
1307 2847 1340 2907 et
1361 2843 1407 2908 le-

211 2945 341 3012 boribus
364 2943 819 3032 tutioremsset'opulentiorem
841 2947 940 3013 vitam
963 2946 1126 3013 homiuum
1148 2946 1285 3014 reddere
1307 2953 1340 3014 et
1362 2948 1408 3012 ad

210 3049 293 3115 hane
309 3050 506 3140 voluptatem
521 3051 624 3136 ipsius
638 3058 772 3118 naturae
788 3051 924 3116 stimulis
947 3050 1126 3132 innitamur,
1149 3057 1316 3118 teneamus
1330 3069 1407 3139 eum
1468 3045 1469 3060 ¹

118 3212 121 3218 .
212 3174 349 3242 sursum,
372 3156 427 3238 qui
451 3175 577 3241 semper
599 3155 660 3221 fuit
682 3152 796 3241 optimi
818 3155 983 3238 cuiusque,
1008 3176 1114 3240 neque
1137 3176 1176 3222 ea
1199 3155 1293 3240 signa
1315 3155 1407 3220 audi-

212 3278 312 3339 amus,
337 3279 420 3341 quae
436 3259 578 3344 reoeptui
601 3268 731 3342 oanunt,
754 3267 790 3325 ut
805 3279 861 3326 eos
883 3259 980 3326 etiam
995 3267 1154 3342 revooent,
1179 3260 1234 3344 qui
1256 3260 1320 3328 iam
1335 3281 1409 3345 pro-

211 3364 375 3430 eesserint.

176 3535 193 3584 4
319 3505 378 3572 His
409 3505 587 3572 rationibus
610 3513 676 3572 tum
711 3506 807 3574 oertis
831 3512 959 3590 tamque
989 3503 1177 3570 inlustribus
1201 3509 1409 3588 opponuntur

209 3610 250 3676 ab
273 3609 322 3692 iis,
347 3609 399 3694 qui
417 3617 526 3676 eontra
549 3610 721 3695 disputant,
745 3609 884 3695 primum
899 3608 1038 3688 labores,
1062 3607 1115 3693 qni
1138 3607 1202 3673 sint
1225 3627 1260 3673 re
1274 3606 1408 3692 publiea

210 3714 413 3782 defendenda
436 3713 624 3796 sustinendi,
653 3715 724 3780 leve
748 3733 826 3780 sane
848 3713 1111 3801 impedimentum
1135 3710 1282 3795 vigilanti
1305 3716 1338 3776 et
1360 3711 1408 3777 in-

211 3821 340 3904 dustrio,
366 3840 470 3906 neque
492 3822 595 3888 solum
617 3821 651 3885 in
672 3815 772 3886 tantis
794 3820 899 3899 rebus,
933 3818 991 3885 sed
1013 3816 1110 3883 etiam
1132 3817 1167 3882 in
1189 3815 1408 3882 mediobribus

210 3926 260 3992 vel
291 3923 405 3992 studiis
429 3925 480 3990 vei
510 3923 625 3989 officiis
647 3923 699 3988 vel
729 3942 805 3988 vero
828 3921 926 3988 etiam
955 3920 1094 4004 negotiis
1125 3919 1404 3986 eontemueudum.
