3022 4330
648 233 667 299 ι,
686 231 701 298 s
718 233 829 286 ur-n.

142 437 250 504 mundi
273 438 416 504 universi
439 440 520 522 loco,
544 438 668 504 duabus
691 439 755 504 oris
779 435 972 504 distantibus
985 437 1191 503 habitabilem
1216 442 1248 503 et
1270 439 1332 502 cul-

138 549 214 622 tum,
240 562 373 626 quarum
395 543 506 625 altera,
530 563 625 626 quam
648 561 706 608 nos
728 541 907 623 incolimus,

241 645 322 712 Sub
345 651 423 713 axe
447 645 650 732 positaad
667 647 1005 731 stellasseptem,
1025 643 1330 712 undehbrriter

240 751 463 834 Aquilbnis
486 749 646 817 stridor
668 751 838 834 gelidas
861 750 1031 816 molitur
1054 750 1184 831 nives,
1274 809 1279 816 .

135 855 237 919 altera
260 855 419 936 australis,
442 857 553 938 ignota
584 855 686 937 nobis,
717 875 812 938 quam
845 862 961 920 vocant
995 852 1110 920 Graeci
1146 855 1326 938 ἀντίχθονα,

137 964 260 1024 ceteras
279 965 403 1044 *partes
426 958 571 1043 incultas,
608 958 694 1041 quod
717 965 773 1024 aut
795 959 916 1041 frigore
951 960 1076 1042 rigeant
1109 965 1164 1024 aut
1198 967 1330 1026 urantur
1348 969 1382 1020 ca

137 1063 242 1127 calore
267 1099 307 1109 -
331 1063 383 1129 hic
405 1070 523 1144 autem,
546 1063 808 1158 ubihabitamus,
833 1082 896 1128 non
919 1062 1096 1128 intermittit
1113 1082 1170 1130 suo
1185 1071 1328 1149 tempore

165 1193 169 1200 ·
243 1176 409 1242 Caelum
432 1177 655 1258 nitescere,
679 1177 853 1242 arbores
877 1175 1162 1256 frondescere,

241 1280 359 1346 Vites
383 1280 608 1348 laetificae
631 1281 840 1368 pampinis
864 1281 1106 1367 pubescere,
1233 1277 1237 1284 “

242 1385 354 1450 Remi
377 1386 568 1452 bacarum
591 1387 786 1452 ubertate
809 1387 1119 1467 incurvescere,
1179 1445 1192 1459 ,

241 1489 417 1572 Segetae
441 1491 592 1574 largiri
616 1489 770 1574 fruges,
795 1490 954 1556 florere
978 1489 1121 1570 dmnia,

243 1593 396 1660 Fontes
421 1603 599 1677 scatere,
624 1593 765 1659 herbis
788 1598 910 1679 putta
933 1595 1220 1662 convestirier
1243 1633 1286 1642 -

136 1715 204 1771 tum
226 1706 460 1772 multitudinem
494 1705 653 1792 pecudum
682 1707 797 1793 partim
820 1705 863 1772 ad
896 1705 1103 1786 vescendum,
1138 1707 1253 1792 partim
1285 1709 1327 1773 ad

135 1812 240 1875 cultus
262 1829 420 1894 agrcmm,
445 1813 560 1896 partim
582 1809 622 1877 ad
645 1811 837 1894 vehendum,
860 1811 976 1898 partim
998 1809 1041 1878 ad
1071 1831 1206 1897 corpora
1235 1815 1327 1877 vesti·
1356 1857 1357 1860 ,

136 1912 229 1995 enda,
253 1912 476 1997 hominemque
498 1915 602 2000 ipsum
625 1916 716 1999 qnasi
740 1918 1023 2002 contemplatorem
1046 1917 1128 1984 caeli
1144 1937 1183 1982 ac
1199 1915 1328 1981 deorum
1403 1965 1406 1976 .

136 2019 291 2084 cultorem
325 2025 419 2102 atque
442 2019 579 2086 hominis
601 2019 733 2087 utilitati
754 2041 851 2107 agros
874 2039 984 2086 omnes
1007 2027 1040 2087 et
1063 2022 1162 2086 maria
1184 2019 1380 2105 parentiam

136 2146 195 2188 -:
219 2123 299 2190 haec
320 2124 422 2209 igitur
444 2130 477 2191 et
499 2125 564 2191 alia
579 2125 824 2192 innumerabilia
840 2146 912 2191 cum
935 2126 1103 2208 cernimus,
1119 2143 1328 2211 possumusne

136 2228 291 2320 dubitare,
315 2230 391 2313 quin
413 2230 453 2296 iis
475 2229 596 2316 praesit
618 2230 734 2315 aliquis
757 2231 809 2296 vel
832 2229 972 2312 effector,
996 2231 1024 2294 si
1045 2228 1126 2294 haec
1148 2235 1223 2294 nata
1245 2235 1328 2309 sunl,

137 2339 172 2398 nt
193 2333 321 2400 Platoni
343 2333 478 2417 videtur,
504 2335 566 2416 vel,
590 2334 619 2400 si
642 2354 769 2420 semper
791 2334 928 2416 fuerunt,
952 2340 988 2398 ut
1018 2332 1183 2399 Aristoteli
1212 2333 1327 2418 placet,

139 2437 319 2504 moderator
340 2438 420 2504 tanti
443 2439 549 2525 operis
573 2445 605 2504 et
627 2438 794 2505 muueris?
818 2438 872 2504 Sic
894 2445 1035 2504 mentem
1050 2437 1197 2520 hominis,
1221 2459 1329 2522 qnam·

138 2540 187 2608 vis
209 2563 280 2608 eam
303 2562 367 2608 non
388 2542 511 2624 videas,
535 2549 570 2608 ut
591 2541 762 2608 deumnon
786 2541 889 2625 vides,
912 2548 1029 2622 tamen,
1053 2548 1087 2608 ut
1114 2541 1209 2608 deum
1232 2562 1329 2627 agno-

138 2647 200 2712 scis
222 2665 264 2711 ex
287 2647 438 2732 operibus
463 2646 541 2728 eius,
571 2645 619 2712 sic
642 2665 683 2712 ex
712 2645 865 2712 memoria
897 2666 1004 2712 rerum
1027 2652 1060 2711 et
1082 2646 1267 2713 inventione
1297 2655 1329 2712 et

137 2750 301 2817 celeritate
335 2757 439 2816 motus
473 2749 622 2833 omnique
655 2748 893 2835 pulchritudine
928 2750 1053 2817 virtutis
1087 2751 1152 2818 vim
1186 2749 1327 2817 divinam

137 2853 251 2919 mentis
275 2855 451 2939 agnoscito.

238 2977 360 3060 Inque
384 2977 576 3060 igiturloco
600 2979 673 3043 est?
698 3019 739 3028 -
765 2977 870 3044 Oredo
894 2978 1043 3061 equidem
1077 2979 1109 3042 in
1146 2976 1250 3062 capita
1285 2984 1326 3057 ct,

134 3101 191 3146 cur
213 3079 352 3162 credam,
375 3080 503 3147 adferre
526 3101 665 3168 possum.
712 3081 779 3148 Sed
800 3082 893 3164 alias,
917 3081 971 3146 ubi
995 3081 1038 3146 sit
1066 3080 1208 3164 animus;
1241 3087 1327 3145 corte

133 3183 261 3268 quidem
285 3182 317 3249 in
340 3192 373 3250 te
396 3191 454 3250 est.
479 3224 521 3232 —-
546 3185 637 3264 Quae
660 3193 709 3252 est
732 3187 801 3251 eius
825 3185 962 3250 natura?
994 3185 1202 3268 -Propria,
1239 3189 1326 3268 puto,

132 3295 164 3353 et
186 3308 254 3354 sua.
302 3287 367 3354 Sed
389 3287 441 3354 fae
464 3291 601 3372 igneam,
626 3290 679 3356 lac
700 3286 904 3375 spirabilem:
936 3285 1014 3353 nihil
1045 3287 1087 3354 ad
1117 3286 1161 3369 id,
1192 3288 1233 3352 de
1264 3307 1326 3370 quo

131 3394 267 3476 agimus.
314 3393 399 3458 Illud
422 3393 517 3459 modo
541 3393 659 3474 videto,
683 3400 718 3460 ut
751 3393 846 3460 deum
869 3393 965 3474 noris,
996 3391 1059 3460 etsi
1092 3392 1162 3458 eius
1197 3391 1326 3478 ignores

132 3503 163 3562 et
186 3497 291 3586 locum
313 3504 345 3562 et
368 3497 494 3578 faciem,
519 3499 566 3563 sic
589 3499 728 3564 animum
750 3498 809 3563 tihi
831 3505 921 3563 tuum
944 3503 1053 3563 notum
1075 3517 1147 3564 esse
1170 3504 1325 3582 oportere,

131 3600 256 3667 etiamsi
279 3601 409 3684 ignores
432 3608 464 3668 et
488 3603 592 3668 locum
614 3609 646 3668 et
662 3602 806 3668 formam.
852 3604 890 3668 In
905 3601 1004 3668 animi
1019 3608 1126 3667 autem
1141 3603 1325 3684 cognitione
1345 3616 1377 3667 71

131 3703 278 3771 dubitare
302 3725 365 3772 non
388 3725 567 3792 possumus,
590 3707 652 3773 nisi
675 3707 770 3792 plane
792 3707 826 3772 iu
856 3706 1001 3792 physicis
1034 3706 1175 3790 plumbei
1209 3725 1325 3787 sumus,

21 3805 22 3814 ’
132 3808 208 3891 quin
231 3807 312 3876 nihil
336 3810 378 3877 sit
389 3809 504 3876 animis
519 3810 705 3894 admixtum,
729 3811 808 3876 nihil
832 3819 1025 3892 concretum,
1040 3808 1119 3874 nibil
1136 3810 1325 3895 copulatum,

132 3913 210 3979 nihil
235 3922 505 4000 coagmentatum,
529 3913 607 3980 nihil
632 3916 764 4002 duplex.
812 3913 906 3991 erod
929 3934 999 3980 cum
1023 3918 1068 3978 ita
1092 3915 1142 3995 sit,
1166 3922 1251 3980 certe
1267 3935 1325 3980 nco

1188 4038 1217 4088 ⁵ss
