2986 4334
555 257 576 316 1,
595 257 662 322 §rs
687 261 725 312 17.
745 261 856 312 so-ss.
1258 262 1297 324 61
1370 231 1372 241 ’

109 463 258 530 bendere.
305 463 406 542 Quasi
428 485 505 530 vero
535 463 734 547 intellegant,
769 465 872 546 qualis
906 465 946 530 sit
981 466 1012 530 in
1046 465 1120 551 ipso
1155 486 1297 552 corpore,

107 589 187 651 quae
212 568 432 649 conformatio,
458 590 539 652 quae
563 568 757 653 magnitudo,
782 569 836 652 qui
852 569 951 635 locus.
990 570 1030 634 Et
1047 570 1074 634 si
1090 570 1153 636 iam
1168 578 1298 658 possent

104 671 137 737 in
161 673 292 740 homine
316 673 388 739 vivo
412 675 500 739 cerni
522 675 638 754 omnia,
661 693 742 757 quae
765 694 848 739 nunc
871 680 956 740 tecta
972 681 1053 755 sunt,
1078 694 1251 742 casurusne
1267 675 1300 740 in

104 787 316 863 conspectum
338 777 484 844 videatur
507 778 640 858 animus,
664 798 705 842 an
721 783 811 842 tanta
834 778 875 843 sit
898 778 967 844 eius
982 779 1130 860 tenuitas,
1148 786 1182 846 ut
1195 779 1299 864 fugiat

102 882 235 947 aciem?
259 882 349 948 Haec
371 889 518 968 reputent
540 881 603 956 isti,
629 882 681 964 qui
706 889 825 966 negant
847 882 988 946 animum
1012 883 1080 948 sine
1108 904 1239 968 corpore
1263 903 1297 950 se
1316 893 1347 945 51

103 986 295 1070 intellegere
318 1005 430 1072 posse:
461 987 622 1067 videbunt,
654 1006 750 1069 quem
773 986 804 1050 in
834 986 904 1070 ipso
934 1006 1066 1072 corpore
1098 987 1297 1071 intellegant.

102 1090 187 1154 Mihi
211 1089 339 1173 quidem
361 1097 507 1156 naturam
541 1089 638 1156 animi
673 1089 807 1155 intuenti
837 1091 936 1155 multo
970 1091 1130 1158 difficilior
1163 1093 1302 1159 occurrit

102 1194 271 1278 cogitatio,
296 1195 394 1260 multo
423 1195 595 1276 obscurior,
631 1194 734 1276 qualis
769 1194 894 1259 animus
928 1203 960 1260 in
994 1215 1126 1280 corpore
1161 1196 1202 1262 sit
1224 1203 1299 1262 tem-

101 1319 204 1382 quam
227 1299 351 1364 alienae
375 1297 492 1380 domui,
527 1299 620 1382 quani
654 1295 765 1382 qualis,
792 1319 864 1364 cum
887 1298 1001 1364 exierit
1035 1305 1067 1364 et
1100 1300 1132 1364 in
1166 1300 1300 1366 liberum

101 1403 232 1468 caelum
255 1403 346 1486 quasi
369 1402 497 1468 domum
520 1423 610 1468 suam
633 1401 766 1468 venerit.
812 1403 883 1467 Nisi
906 1403 999 1482 enim,
1024 1403 1108 1485 quod
1129 1425 1300 1487 numquam

101 1507 258 1587 vidimus,
281 1506 315 1572 id
338 1509 432 1590 quale
457 1507 507 1588 sit,
533 1507 722 1591 intellegere
745 1529 807 1572 non
831 1527 1009 1592 possumne,
1034 1515 1119 1573 certe
1150 1516 1183 1574 et
1205 1508 1299 1575 deum

100 1614 212 1698 ipsum
236 1617 267 1677 et
290 1611 431 1678 divinum
464 1613 603 1676 animum
633 1632 764 1696 corpore
796 1611 963 1676 liberatum
994 1612 1188 1696 cogitatione
1218 1633 1299 1680 com-

100 1717 207 1802 plecti
240 1735 418 1802 possumus.
474 1715 693 1782 Dicaearchus
734 1715 863 1798 quidem
904 1721 936 1781 et
970 1716 1190 1798 Aristoxenus,
1225 1718 1300 1801 quia

100 1820 249 1886 difficilis
293 1828 361 1886 erat
406 1821 513 1901 animi,
559 1821 636 1902 quid
679 1829 735 1886 aut
780 1821 883 1903 qualis
927 1828 1022 1901 esset,
1068 1821 1298 1906 intellegentia,

99 1926 230 1991 nullum
254 1927 382 1991 omnino
412 1927 552 1991 animum
576 1946 647 1992 esse
682 1925 840 1992 dixerunt.
893 1925 951 1990 Est
983 1925 1062 1992 illud
1096 1925 1225 2010 quidem
1246 1929 1298 1992 vel
1316 1938 1350 1987 52

99 2030 281 2096 maximum
326 2031 432 2096 animo
477 2031 548 2116 ipso
593 2033 732 2096 animum
780 2029 898 2111 videre,
949 2039 980 2097 et
1028 2032 1175 2096 nimirum
1216 2029 1298 2097 hanc

100 2135 208 2199 habet
252 2135 317 2200 vim
354 2142 558 2221 praeceptum
600 2135 767 2220 Apollinis,
810 2157 873 2218 quo
910 2144 1025 2218 monet,
1067 2142 1101 2200 ut
1142 2156 1175 2200 se
1217 2135 1300 2217 quis·

99 2259 170 2323 que
193 2246 315 2304 noscat.
361 2239 433 2304 Non
456 2238 550 2320 enim,
574 2239 679 2321 credo,
704 2238 738 2303 id
760 2239 926 2324 praecipit,
949 2246 983 2304 ut
1013 2241 1156 2304 membra
1189 2244 1299 2304 nostra

97 2350 162 2408 aut
186 2349 341 2408 staturam
356 2342 531 2426 figuramve
553 2363 732 2423 noscamus,
755 2363 861 2426 neque
877 2363 934 2408 nos
952 2362 1082 2427 corpora
1105 2362 1223 2423 sumus,
1239 2364 1298 2408 nec

71 2438 74 2444 ’
97 2467 169 2532 ego
192 2447 249 2512 tibi
272 2446 352 2512 haec
376 2447 485 2512 dicens
509 2447 633 2532 corpori
655 2454 711 2511 tuo
734 2447 816 2512 dico.
863 2446 941 2511 Cum
964 2447 1061 2530 igitur
1079 2447 1227 2512 ‘Nosce
1250 2451 1297 2512 te'

98 2552 194 2633 dicit,
218 2552 280 2618 hoc
303 2551 396 2617 dicit:
418 2551 566 2618 ‘Nosce
591 2553 767 2616 animum
790 2554 919 2616 tuum'.
972 2552 1056 2616 Nam
1087 2572 1202 2638 corpus
1233 2555 1298 2634 qui-

98 2659 180 2722 dem
192 2657 283 2740 quasi
302 2675 359 2722 vas
379 2663 428 2721 est
447 2661 502 2720 aut
521 2656 652 2738 aliquod
671 2654 768 2721 animi
784 2655 1037 2741 receptaculum:
1058 2659 1098 2722 ab
1114 2658 1219 2720 animo
1243 2661 1297 2720 tuo

98 2764 261 2847 quidquid
273 2764 388 2848 agitur,
401 2763 435 2828 id
447 2765 552 2851 egitur
564 2784 584 2826 a
595 2770 637 2828 te.
651 2762 744 2826 Hunc
755 2762 854 2846 igitur
865 2781 961 2828 nosse
973 2762 1035 2826 nisi
1048 2761 1192 2827 divinum
1203 2769 1296 2840 esset,

98 2889 168 2934 non
191 2876 275 2934 esset
298 2867 361 2933 hoc
384 2867 515 2933 acrioris
531 2867 696 2932 cuiusdam
712 2867 809 2930 animi
831 2874 1037 2952 praeceptum
1052 2866 1201 2931 tributum
1224 2863 1296 2930 deo.

209 3008 274 3074 Sed
296 3009 333 3088 si,
357 3008 459 3090 qualis
483 3007 524 3072 sit
546 3007 763 3091 animus,ipse
786 3005 910 3072 animus
922 3008 1054 3086 nesciet,
1078 3005 1138 3084 dic,
1163 3023 1292 3087 quaeso,
1311 3010 1345 3061 53

99 3133 145 3178 ne
169 3133 239 3178 esse
263 3111 393 3196 quidem
416 3131 451 3177 se
475 3112 563 3192 sciet,
589 3132 629 3176 ne
653 3111 774 3176 moveri
805 3109 933 3191 quidem
968 3112 1028 3174 se?
1062 3110 1110 3172 Ex
1144 3129 1206 3191 quo
1240 3107 1297 3172 illa

99 3218 186 3281 ratio
208 3225 284 3282 nata
308 3222 357 3282 est
379 3217 533 3296 Platonis,
547 3235 630 3298 quae
653 3215 821 3280 aSoorate
837 3221 886 3279 est
908 3215 941 3278 in
956 3212 1104 3279 Phaedro
1127 3211 1295 3296 explicata,

99 3345 122 3386 a
146 3342 196 3386 me
218 3328 325 3386 autem
350 3320 453 3405 posita
484 3327 532 3386 est
566 3321 598 3384 in
632 3327 722 3384 sexto
757 3319 839 3384 libro
873 3318 913 3384 de
947 3339 982 3384 re
1012 3317 1155 3400 publica:
1187 3313 1295 3392 ‘Quod

101 3445 231 3508 semper
253 3433 407 3503 movetur,
432 3431 596 3490 aeternum
620 3430 684 3506 est,
716 3423 802 3506 quod
831 3429 938 3488 autem
961 3430 1080 3487 motum
1103 3421 1208 3487 adfert
1241 3422 1294 3485 eli-

101 3528 166 3608 cui,
190 3528 337 3612 quodque
360 3538 465 3615 ipsum
488 3528 628 3612 agitatur
649 3527 787 3608 aliunde,
812 3525 940 3610 quando
956 3526 1051 3591 finem
1067 3525 1165 3590 hebet
1180 3533 1293 3607 motus,

101 3631 234 3696 vivendi
256 3632 351 3698 linem
374 3633 494 3698 habeat
516 3651 649 3698 necesse
665 3639 723 3698 est.
770 3631 882 3698 Solum
905 3631 1013 3714 igitur,
1030 3629 1118 3712 quod
1139 3649 1174 3696 se
1188 3631 1293 3715 ipsum

101 3740 221 3814 movet,
244 3737 312 3800 ‹¹¹³-
339 3754 399 3759 ⁴*
544 3737 695 3802 ³⁶⁶eritur
718 3758 737 3802 a
760 3757 804 3818 se,
827 3756 999 3819 numquam
1022 3757 1062 3801 ne
1085 3735 1206 3800 moveri
1229 3736 1294 3816 qui·

101 3833 224 3937 denut’
640 3843 703 3922 uis,
729 3861 812 3926 quae
835 3847 1010 3921 moventur,
1034 3839 1088 3905 hic
1121 3841 1202 3921 fons,
1233 3839 1294 3907 hoc

95 3930 196 4178 φ
652 3946 742 4030 roipii
764 3951 871 4010 sutem
894 3945 982 4010 nulla
1006 3952 1055 4010 est
1077 3947 1183 4027 origo;
1215 3965 1288 4008 nam
1310 3956 1345 4008 54
