3022 4330
200 257 240 320 68
653 258 754 322 Disput.
773 258 928 306 Tusculanae

202 465 326 530 secerni
348 485 407 530 nec
430 464 530 530 dividi
554 485 613 532 nec
635 465 775 550 discerpi
801 486 858 531 nec
882 466 1019 531 distrahi
1044 473 1158 550 potest,
1190 486 1230 530 ne
1263 465 1398 529 interire

200 569 328 651 quidem
355 570 462 652 igitur.
508 569 567 636 Est
590 572 672 635 enirn
695 571 843 635 interitus
866 570 956 652 qnasi
991 570 1154 635 discessus
1188 576 1221 633 et
1254 569 1397 634 secretio

199 693 238 736 uc
260 673 437 758 diremptus
461 695 568 739 eurum
593 675 740 758 partium,
765 696 846 756 quae
869 683 944 738 ante
967 675 1129 738 interitum
1151 674 1315 738 iunctione
1339 673 1398 736 ali-

200 798 263 860 qua
285 778 486 844 tenebantur.

304 917 363 981 His
386 925 418 982 et
440 918 558 983 talibus
581 919 758 983 rationibus
781 917 939 983 adductus
963 918 1111 982 Socrates
1141 937 1201 982 nec
1224 925 1395 1002 patronum

200 1021 359 1102 quaesivit
381 1021 422 1085 ad
445 1021 596 1087 iudicium
621 1022 736 1107 capitis
767 1042 827 1087 neo
849 1022 1008 1087 iudicibus
1040 1023 1176 1106 supplex
1210 1020 1271 1085 fuit
1304 1020 1396 1084 adhi-

199 1124 332 1208 buitque
355 1126 487 1191 liberam
511 1130 743 1192 contumaciam
766 1147 785 1190 a
807 1126 1029 1209 magnitudine
1046 1127 1143 1190 animi
1166 1125 1303 1206 ductam,
1327 1145 1394 1188 non

199 1251 218 1294 a
241 1231 400 1314 superbia,
424 1239 455 1296 et
479 1251 626 1315 supremo
649 1233 735 1297 vitae
758 1231 810 1295 die
833 1230 874 1295 de
897 1231 958 1295 hoo
981 1238 1052 1314 ipso
1076 1231 1176 1294 multa
1192 1229 1344 1294 disseruit
1360 1237 1394 1294 et

199 1337 311 1418 paucis
334 1343 407 1400 ante
431 1334 553 1416 diebus,
577 1355 648 1400 oum
671 1335 767 1400 facile
790 1340 901 1420 posset
925 1334 1016 1398 educi
1049 1355 1066 1398 e
1097 1334 1254 1416 custodia,
1289 1335 1393 1397 noluit

199 1448 231 1505 et
253 1449 321 1505 tum
339 1461 453 1526 paene
484 1442 516 1502 in
547 1461 642 1503 manu
673 1441 735 1504 iam
765 1438 961 1522 mortiferum
992 1439 1071 1503 illud
1100 1446 1212 1504 tenens
1242 1439 1392 1522 poculum

199 1546 324 1610 locutus
348 1546 393 1608 ita
417 1551 474 1624 est,
498 1552 617 1609 utnon
641 1543 682 1607 ad
705 1552 838 1608 inertem
861 1543 956 1623 trudi,
979 1563 1091 1607 verum
1113 1543 1146 1606 in
1169 1543 1293 1607 caelum
1303 1541 1394 1606 vide·

148 1657 180 1706 72
199 1657 285 1712 retur
309 1648 492 1740 escendere.
539 1649 590 1713 lta
613 1650 696 1711 enirn
720 1647 871 1712 censebat
893 1648 1003 1729 itaque
1027 1647 1189 1730 disseruit,
1213 1645 1294 1710 duas
1318 1665 1394 1711 esse

199 1755 267 1816 vias
291 1750 501 1837 duplicesque
517 1773 628 1818 cursus
651 1753 827 1816 animorum
851 1772 1017 1837 ecorpore
1032 1751 1262 1817 excedentium.
1308 1751 1393 1814 Nam

200 1858 251 1938 qui
276 1878 310 1922 se
333 1857 481 1922 humanis
505 1857 591 1920 vitiis
614 1857 922 1921 contaminavissent
956 1863 988 1921 et
1019 1876 1053 1920 se
1087 1862 1171 1922 totos
1205 1851 1394 1920 libidinibus

200 1961 375 2041 dedissent,
400 1961 514 2043 quibus
539 1962 662 2026 caecati
683 1962 735 2026 vel
759 1961 943 2026 domesticis
966 1961 1051 2026 vitiis
1074 1967 1172 2043 atque
1201 1959 1332 2044 flagitiis
1356 1979 1394 2024 se

199 2065 454 2148 inquinavissent
477 2067 528 2129 vel
551 2085 585 2130 re
609 2065 736 2149 publica
758 2064 907 2130 violanda
929 2066 1060 2131 fraudes
1083 2064 1297 2149 inexpiabiles
1320 2083 1393 2128 con-

200 2171 369 2253 cepissent,
394 2169 433 2235 iis
457 2170 585 2235 devium
620 2168 779 2252 quoddam
809 2173 869 2235 iter·
903 2191 984 2251 esse,
1020 2172 1221 2234 seclusuma
1255 2169 1393 2233 concilio

199 2273 347 2366 deorum3
373 2275 425 2356 qui
448 2283 554 2340 autern
578 2296 612 2340 se
636 2276 780 2356 integros
804 2282 973 2358 castosque
1004 2274 1228 2353 servavissent,
1263 2273 1391 2356 quibus-

200 2399 260 2461 que
284 2379 398 2443 fuisset
421 2379 550 2443 minima
574 2399 645 2443 cum
669 2379 852 2463 corporibus
877 2377 1024 2462 contagio
1040 2397 1174 2461 seseque
1197 2379 1237 2442 ab
1254 2375 1294 2442 iis
1311 2398 1388 2442 sem·

199 2503 256 2567 per
279 2484 517 2548 sevocavissent
540 2491 712 2564 essentque
735 2483 766 2546 in
791 2483 975 2566 corporibus
997 2482 1146 2546 humanis
1162 2483 1259 2547 vitam
1274 2481 1389 2545 imitati

200 2587 341 2665 deorum,
365 2586 405 2650 iis
428 2587 469 2650 ad
492 2589 575 2667 illos,
599 2598 619 2650 a
641 2586 756 2668 quibus
780 2595 888 2651 essent
911 2587 1055 2670 profecti,
1090 2586 1227 2651 reditum
1261 2585 1390 2649 facilem

148 2696 181 2746 73
199 2697 317 2774 patere.
365 2690 478 2772 ltaque
502 2696 735 2769 commemorat,
759 2699 793 2753 ut
812 2692 920 2773 cygni,
945 2693 1075 2772 quinon
1099 2691 1167 2756 sine
1183 2709 1281 2754 causa
1296 2689 1391 2772 Apol-

200 2793 256 2857 lini
279 2777 378 2857 dieati
401 2794 473 2872 sint,
499 2794 557 2858 sed
580 2793 666 2876 quod
688 2795 729 2858 ab
752 2815 791 2858 eo
814 2794 1043 2859 divinationem
1066 2793 1187 2860 hahere
1210 2792 1390 2874 videantur,

200 2919 262 2980 qua
285 2897 498 2981 providentes
523 2897 600 2980 quid
623 2899 655 2961 in
678 2905 778 2962 morte
802 2897 876 2963 boni
900 2898 950 2978 sit,
974 2918 1046 2963 cum
1070 2904 1162 2962 cantu
1179 2905 1211 2962 et
1225 2899 1391 2981 voluptate

200 3001 380 3082 moriantur,
405 3001 452 3065 sic
482 3002 627 3067 omnibus
657 3001 749 3067 bonis
773 3011 804 3067 et
834 3002 936 3067 doctis
967 3022 1038 3067 esse
1071 3000 1264 3066 faciendum.
1319 3000 1391 3066 Neo

199 3127 276 3171 vero
298 3106 338 3170 de
362 3106 422 3171 hoo
446 3106 614 3190 quisquam
635 3107 779 3171 dubitare
796 3114 915 3192 posset,
938 3107 1000 3170 nisi
1022 3105 1108 3170 idem
1123 3106 1214 3194 nobis
1230 3103 1392 3168 accideret

199 3210 371 3292 diligenter
394 3211 433 3276 de
456 3211 561 3274 animo
586 3209 811 3292 cogitantibus,
837 3209 920 3292 quod
942 3211 981 3273 iis
1005 3228 1103 3293 saepe
1125 3228 1184 3273 usu
1207 3211 1303 3289 venit,
1327 3209 1391 3291 qui,

200 3334 271 3378 cum
293 3314 409 3379 acriter·
433 3315 532 3379 oculis
555 3313 754 3379 deficientem
778 3316 877 3379 solem
907 3314 1113 3394 intuerentur,
1143 3314 1194 3377 vel
1224 3319 1392 3396 aspectum

199 3419 327 3482 omnino
343 3421 540 3501 amitterent;
567 3418 612 3484 sio
628 3420 744 3484 mentis
760 3407 898 3483 acies'se
914 3416 985 3502 ipsa
1000 3417 1125 3482 intuens
1140 3437 1204 3481 non
1219 3437 1392 3499 numquam

199 3522 353 3602 hebescit,
377 3525 417 3587 ob
441 3543 573 3603 eamque
593 3543 723 3589 causam
740 3522 975 3606 contemplandi
992 3521 1191 3604 diligentiam
1207 3522 1391 3587 amittimus.

199 3629 311 3708 Itaque
323 3626 482 3707 dubitans,
500 3631 777 3712 circumspectans,
793 3626 967 3708 haesitans,
980 3628 1081 3691 multa
1095 3627 1230 3691 adversa
1241 3647 1392 3691 reverens

199 3739 360 3812 tamquam
383 3734 460 3796 ratis
483 3734 516 3794 in
539 3734 618 3794 mari
640 3733 784 3796 inmenso
807 3738 916 3796 nostra
936 3730 1064 3796 vehitur
1086 3733 1175 3814 ratio.
1223 3731 1287 3795 Sed
1310 3731 1392 3795 haec

149 3851 182 3901 74
202 3843 233 3901 ot
256 3843 367 3901 vetera
390 3836 421 3898 ct
443 3857 463 3898 a
486 3835 628 3900 Graecis.
676 3834 756 3898 (lato
780 3839 956 3900 autemsic
977 3835 1056 3898 abiit
1079 3837 1097 3898 e'
1119 3838 1195 3913 vita,
1212 3841 1246 3897 ut
1261 3853 1391 3912 causam

201 3940 354 4004 moriendi
378 3945 505 4001 nactum
530 3957 563 4001 se
588 3957 658 4000 esse
690 3938 851 4018 gauderet.
897 3939 992 4002 Vetat
1023 3940 1106 4000 enirn
1138 3938 1305 4000 dominans
1335 3939 1390 4001 ille
