3022 4330
559 193 566 201 ,
628 143 728 206 Disput.
749 141 905 190 Tusculanae

280 352 342 426 itui
364 353 477 434 possit,
501 355 624 431 rogas?
649 348 805 414 Catervae
828 351 960 414 vomunt
976 347 1284 428 contradicentium,
1307 369 1369 413 nec

175 455 276 520 solum
300 454 539 539 Epicureorum,
564 471 643 536 quos
667 445 814 536 equid'em
837 473 902 518 non
918 451 1073 538 despicio,
1097 451 1155 518 aed
1170 455 1281 518 nescio
1305 473 1369 535 quo

174 559 269 623 ruodo
294 557 498 624 doctissimus
522 561 656 641 quisque
679 560 870 641 contemnit;
905 559 1058 623 acerrime
1092 563 1198 622 autem
1232 556 1369 622 deliciae
1501 577 1502 606 ³

175 683 264 729 meae
287 663 506 729 Dicaearchus
530 670 641 728 contra
663 663 746 728 hanc
770 663 1031 730 inmortalitatem
1054 661 1215 726 disseruit.
1237 660 1369 726 Isenim

174 775 239 833 tres
262 767 359 834 libros
393 770 529 854 scripsit,
567 770 622 850 qui
655 767 852 832 Lesbiaci
885 772 1050 846 vocantur,
1085 764 1170 848 quod
1202 763 1368 850 Mytilenis

175 891 278 937 sermo
302 873 445 955 habetur,
470 875 502 938 in
537 873 651 955 quibus
681 873 749 938 vult
783 870 910 937 efficere
944 873 1067 936 animos
1102 889 1173 936 esse
1205 869 1367 936 mortales.

175 975 274 1041 Stoici
296 984 403 1042 autem
426 997 555 1042 usuram
577 977 669 1042 nobis
699 978 880 1059 largiuntur
901 983 1063 1058 tamquam
1086 974 1282 1059 cornicibus;
1313 973 1370 1039 diu

174 1099 339 1146 mansuros
361 1084 451 1146 aiunt
473 1084 606 1162 animos,
631 1100 758 1166 semper
789 1085 917 1163 negant.
972 1079 1055 1144 Num
1089 1100 1154 1144 non
1187 1081 1237 1144 vis
1270 1080 1371 1162 igitur

173 1183 293 1264 audire,
317 1205 381 1266 our,
407 1187 530 1251 etiamsi
552 1187 598 1249 ita
620 1186 671 1266 sit,
695 1204 781 1250 mors
804 1192 909 1250 tamen
932 1204 997 1249 non
1020 1186 1062 1250 sit
1084 1187 1117 1248 irr
1140 1183 1259 1247 malis?

277 1287 320 1354 Ut
343 1290 486 1367 videtum
510 1288 566 1354 sed
592 1310 642 1354 me
666 1308 759 1354 nemo
783 1289 823 1354 de
845 1289 1072 1354 inmortalitate
1095 1287 1243 1372 depellet.

278 1393 390 1460 Laudo
413 1394 447 1458 id
472 1393 609 1477 quidem,
634 1395 695 1460 etsi
718 1391 798 1457 nihil
821 1394 915 1456 nimis
939 1398 1064 1477 oportet
1087 1389 1257 1457 confidere.
1304 1392 1369 1456 Mo-

123 1505 155 1556 78
175 1517 285 1562 remur
309 1501 392 1563 enim
416 1519 513 1584 saepe
536 1499 643 1581 aliquo
667 1505 760 1564 acute
783 1498 943 1578 concluso,
967 1497 1111 1562 labamus
1145 1501 1369 1578 mutamusque

174 1605 366 1668 sententiam
389 1603 577 1669 clarioribus
601 1605 698 1668 ctiam
720 1606 753 1667 in
776 1602 888 1685 rebus;
919 1604 953 1666 in
987 1601 1037 1666 his
1072 1605 1121 1665 est
1151 1600 1235 1664 enirn
1258 1601 1368 1683 aliqua

174 1705 360 1771 obscuritas,
407 1705 445 1772 Id
467 1708 566 1790 igitur
589 1709 616 1772 si
639 1705 801 1786 acciderit,
826 1707 925 1771 simus
948 1707 1070 1770 armati.

278 1811 363 1875 Sane
387 1809 524 1893 quidem,
549 1809 607 1875 sad
630 1830 670 1875 ne
693 1809 829 1890 accidat,
852 1806 1037 1893 providebo.

276 1913 360 1978 Num
384 1914 461 1997 quid
483 1917 582 1999 igitur
605 1920 654 1979 est
676 1932 801 1994 causae,
826 1915 902 1996 quin
926 1914 1047 1978 amicos
1077 1920 1204 1978 nostros
1240 1913 1366 1979 Stoicos

173 2017 392 2083 dimittamus?
416 2038 471 2084 eos
494 2017 577 2098 dico,
601 2020 656 2100 qui
678 2020 767 2083 aiunt
789 2037 918 2082 manere
941 2018 1073 2098 animos,
1098 2037 1169 2083 oum
1192 2038 1210 2082 e
1233 2037 1368 2102 corpore

173 2125 377 2204 excesserint,
403 2123 547 2189 sednon
571 2142 704 2206 semper.

1500 2427 1502 2478 l

1500 2479 1502 2524 t

276 2243 362 2310 Istos
386 2266 472 2326 vero,
496 2247 560 2326 qui,
584 2242 670 2327 quod
692 2249 759 2308 tota
781 2246 814 2309 in
838 2243 898 2309 hac
923 2263 1019 2308 causa
1054 2243 1276 2308 difficillimum
1308 2251 1366 2323 est,

172 2350 357 2433 suscipiant,
382 2367 477 2435 posse
500 2351 640 2413 animum
655 2367 783 2413 manere
807 2367 940 2432 corpore
955 2354 1133 2428 vacantem,
1157 2347 1364 2428 illudautem,

172 2449 258 2532 quod
280 2472 345 2517 non
368 2453 462 2518 modo
485 2454 580 2518 facile
603 2451 645 2516 ad
661 2451 855 2516 eredendum
879 2458 936 2532 est,
961 2450 1019 2517 sed
1035 2472 1072 2517 eo
1090 2470 1253 2531 concesso,
1278 2453 1364 2534 quod

171 2555 293 2637 volunt,
317 2576 524 2639 consequens,
555 2556 588 2621 id
611 2578 675 2621 non
699 2555 885 2636 concedant,
909 2564 944 2620 ut
967 2576 1037 2620 curn
1062 2556 1116 2620 diu
1147 2557 1366 2640 permanserit

171 2679 210 2722 ne
235 2661 378 2725 intereat.

276 2779 364 2844 Bene
387 2781 603 2865 reprehendis,
628 2789 660 2846 ct
683 2803 717 2847 se
741 2785 803 2848 isto
828 2781 922 2846 modo
946 2801 997 2846 res
1027 2779 1133 2846 habet.
1189 2781 1364 2848 Credamus

120 2893 153 2942 rc
171 2885 270 2965 igitur
292 2883 445 2950 Panaetio
468 2907 488 2950 a
510 2886 644 2951 Platone
661 2905 717 2951 suo
734 2887 962 2951 dissentienti?
987 2885 1088 2962 Quem
1116 2888 1201 2950 eninr
1217 2887 1363 2951 omnibus

172 2988 251 3052 locis
274 2986 425 3070 divinum,
450 3010 543 3072 quem
567 2993 846 3076 sapientissimum,
871 3009 965 3072 quern
989 2991 1234 3071 sanctissimum,
1270 3009 1364 3072 quem

171 3089 344 3156 Homerum
368 3093 630 3178 philosophorum
652 3095 804 3180 appellat,
828 3092 923 3159 buius
946 3093 1028 3158 hano
1055 3112 1151 3157 unam
1174 3096 1364 3160 sententiam

172 3193 211 3257 do
235 3196 461 3262 inmortalitate
485 3200 662 3262 animorum
685 3219 749 3263 non
772 3198 895 3282 probat.
942 3197 1020 3261 Vult
1044 3199 1137 3277 enim,
1162 3197 1247 3280 quod
1269 3218 1364 3264 nemo

172 3303 278 3380 negat,
303 3300 457 3383 quidquid
482 3309 591 3366 natum
615 3305 665 3382 sit,
689 3305 837 3383 interire;
861 3304 952 3366 nasci
984 3308 1092 3366 autem
1114 3303 1247 3382 animos,
1279 3302 1365 3385 quod

171 3402 313 3468 declaret
336 3425 444 3469 eorum
475 3406 658 3486 similitudo,
694 3409 748 3488 qui
770 3411 986 3491 procreentur,
1018 3425 1100 3488 quae
1123 3407 1220 3470 etiam
1253 3408 1286 3470 in
1319 3409 1364 3471 in·

170 3507 285 3588 geniis,
307 3529 372 3574 non
395 3512 497 3576 solum
520 3514 552 3575 in
577 3511 760 3595 corporibus
783 3515 944 3594 appareat.
980 3509 1122 3574 Alteram
1138 3514 1244 3574 autem
1259 3509 1364 3576 adfert

169 3610 334 3694 rationem,
358 3613 437 3678 nihil
462 3635 541 3696 esse,
566 3615 651 3698 quod
673 3614 790 3695 doleat,
815 3616 891 3695 quin
914 3613 947 3678 id
969 3633 1103 3696 aegrum
1134 3631 1205 3678 csse
1236 3633 1362 3697 quoque

170 3715 287 3798 possit,
313 3717 400 3798 quod
422 3727 528 3784 autem
551 3722 584 3784 in
607 3719 751 3784 morbum
773 3717 877 3798 cadat,
901 3715 935 3783 id
958 3719 1285 3796 ctiaminteriturum;
1308 3715 1361 3780 do-

118 3833 152 3883 ao
170 3815 236 3878 lore
259 3827 366 3885 autom
389 3825 521 3904 animos,
546 3843 623 3907 orgo
647 3825 743 3888 etiam
766 3823 904 3886 interire.
951 3821 1042 3885 Haec
1074 3821 1178 3886 refelli
1212 3827 1360 3905 possunt3
