3022 4330
646 179 668 238 1,
686 178 700 242 s
718 181 849 231 72-77.·
1297 181 1337 244 69

146 390 179 451 11
201 386 293 452 nobis
316 385 395 450 deus
418 389 544 451 iniussu
566 385 641 450 binc
664 405 722 450 nos
738 404 796 450 suo
812 383 1006 468 demigrare3
1031 405 1193 449 6111111616
1210 405 1338 450 oausam

145 493 262 554 iustam
285 489 363 555 deus
385 492 456 573 ipse
479 489 613 571 dederit,
643 484 777 554 11111116
808 488 941 569 Socrati,
972 507 1057 553 nunc
1088 487 1211 568 Catoni,
1242 509 1338 573 saepe

145 596 262 676 multis,
286 615 326 659 ne
349 595 404 659 ille
427 593 551 658 medius
574 593 671 658 tidius
694 597 743 658 vir
767 596 897 677 sapiens
920 594 1022 658 laetus
1054 613 1091 656 ex
1117 592 1166 659 his
1198 593 1338 659 tenebris

145 702 178 762 in
201 699 306 764 lucem
328 699 416 763 illam
432 701 615 778 excesserit,
640 717 699 762 nec
715 703 823 762 tamen
844 698 901 762 illa
924 698 1031 763 vincla
1047 700 1184 762 carceris
1207 701 1336 782 ruperit,

146 801 203 868 sed
225 809 387 888 tamquam
409 823 429 866 a
452 805 639 885 magistratu
659 807 714 866 aut
736 802 777 866 ab
801 802 909 884 aliqua
931 805 1089 885 potestate
1113 802 1266 884 legitima,
1291 805 1338 866 sic

146 929 165 970 a
187 905 248 971 deo
265 913 415 972 evocatus
432 913 528 988 atque
553 907 689 972 emissus
705 907 829 970 exierit.
876 904 959 970 Tota
975 907 1058 970 enim
1074 903 1338 990 philosophorum

147 1013 221 1090 vita,
245 1017 280 1075 ut
302 1013 347 1076 ait
366 1009 460 1090 idem,
485 1012 707 1076 commentatio
730 1012 840 1076 mortis
864 1017 922 1074 661.
967 1009 1050 1072 Nam
1074 1009 1150 1090 quid
1165 1009 1254 1074 aliud
1269 1013 1336 1092 agi·
1355 1016 1387 1065 75

146 1134 224 1195 mus,
248 1134 321 1179 curn
343 1133 363 1176 a
385 1115 558 1200 voluptate,
581 1113 615 1178 id
639 1120 689 1178 est
720 1135 740 1178 a
774 1133 917 1196 corpore,
954 1133 1026 1177 cum
1060 1135 1079 1178 a
1108 1133 1143 1178 16
1176 1112 1335 1195 familiari,

146 1237 227 1301 quae
251 1225 300 1284 est
322 1221 469 1284 ministra
491 1226 524 1284 61
546 1219 668 1284 famula
690 1221 841 1302 corporis,
865 1238 936 1282 oum
958 1239 979 1282 a
1001 1238 1035 1282 re
1059 1218 1195 1302 publica,
1223 1239 1294 1283 oum
1316 1240 1336 1283 a

146 1325 275 1405 negotio
300 1325 387 1387 omni
409 1341 599 1388 sevocamus
622 1325 772 1402 animum,
808 1321 894 1403 quid,
929 1324 1067 1404 inquam,
1102 1329 1168 1386 tum
1201 1325 1335 1404 agimus,

146 1428 208 1490 nisi
229 1429 370 1492 animum
393 1427 436 1492 ad
460 1448 494 1492 se
516 1431 622 1513 ipsum
644 1428 849 1507 advocamus,
873 1444 981 1491 secum
1004 1446 1075 1492 esse
1099 1429 1241 1509 cogimus
1272 1449 1335 1492 ma·

146 1533 293 1613 ximeque
327 1554 346 1596 a
381 1552 514 1617 corpore
548 1531 761 1596 obducimus?
795 1529 966 1596 Seoemere
1004 1539 1111 1596 autem
1147 1553 1167 1595 a
1204 1551 1335 1616 corpore

146 1637 295 1716 animum,
319 1639 565 1718 necquicquam
588 1636 685 1716 aliud,
709 1641 757 1700 est
780 1637 860 1700 mori
875 1635 1007 1700 discere.
1047 1634 1154 1711 Quare
1177 1636 1237 1700 hoo
1253 1656 1335 1700 66111-

147 1744 333 1819 mcntemur,
367 1739 446 1804 mibi
480 1741 584 1820 crede,
619 1739 900 1823 disiungamusque
931 1759 989 1804 nos
1023 1760 1041 1803 a
1072 1740 1266 1824 corporibus,
1301 1740 1332 1804 id

146 1849 195 1906 661
217 1861 464 1908 consuescamus
487 1847 575 1909 mori.
621 1844 700 1926 Hoc,
726 1851 757 1908 ct
780 1843 855 1908 dum
878 1846 994 1908 erimus
1024 1846 1058 1908 in
1080 1846 1183 1925 terris,
1206 1847 1266 1908 erit
1289 1845 1334 1908 illi

146 1948 279 2012 caelesti
301 1949 385 2012 vitae
408 1949 521 2029 simile,
545 1954 577 2013 61
600 1968 671 2012 oum
693 1949 769 2013 illuc
793 1948 906 2013 6111116
929 1949 1043 2012 vinclis
1067 1949 1175 2013 61111661
1185 1946 1332 2030 feremur,

146 2053 250 2114 minus
284 2050 461 2116 tardabitur
493 2071 606 2118 cursus
639 2054 831 2136 animorum;
865 2074 939 2116 narn
973 2054 1027 2134 qui
1061 2055 1094 2116 in
1128 2052 1334 2136 compedibus

145 2157 288 2238 corporis
312 2173 439 2240 semper
467 2153 604 2236 fuerunt,
639 2159 735 2220 etiam
759 2175 830 2220 cum
855 2156 951 2220 soluti
982 2161 1064 2238 sunt,
1087 2155 1209 2221 tardius
1231 2159 1335 2239 ingre·

145 2257 283 2338 diuntur,
303 2266 337 2323 ut
359 2261 391 2340 ii,
416 2262 470 2342 qui
492 2260 576 2324 ferro
599 2263 698 2325 vincti
720 2262 837 2324 multos
860 2279 961 2324 annos
991 2258 1127 2325 fuerunt.
1168 2259 1239 2338 Quo
1263 2279 1334 2324 curn

143 2363 333 2442 venerimus,
359 2368 425 2426 tum
440 2361 578 2445 denique
593 2365 747 2428 vivemus.
794 2363 877 2426 Nam
893 2362 973 2428 haec
997 2362 1125 2445 quidem
1148 2366 1215 2428 vita
1248 2384 1333 2428 mors

143 2471 201 2545 est,
226 2485 320 2546 quam
343 2466 511 2532 lamentari
534 2487 671 2551 possem,
696 2470 723 2530 si
746 2467 868 2532 liberet.

246 2587 332 2652 Satis
354 2595 390 2652 tu
413 2588 541 2670 quidem
563 2592 596 2653 in
612 2588 839 2654 Consolatione
863 2609 898 2654 66
914 2591 1121 2672 1611166161116;
1145 2609 1239 2672 quam
1262 2602 1384 2653 61111116

143 2692 227 2774 lego,
251 2691 330 2756 nihil
355 2695 438 2758 malo
462 2714 557 2776 quarn
581 2693 639 2758 has
662 2712 713 2758 res
736 2693 924 2774 relinquere,
947 2692 997 2758 bis
1027 2713 1103 2757 1616
1128 2691 1222 2757 modo
1246 2693 1333 2757 audi-

143 2796 184 2860 tis
207 2797 305 2860 multo
329 2799 444 2879 magis.

247 2916 363 2982 Veniet
385 2925 521 3003 tempus,
545 2925 577 2983 61
593 2919 722 3001 quidem
746 2920 891 2983 celeriter
915 2925 946 2983 et
969 2921 1038 2984 sive
1053 2919 1241 2983 retractabis
1265 2922 1332 2983 sive

142 3021 340 3104 properabis3
366 3022 453 3086 volat
477 3025 561 3086 enim
583 3029 683 3088 aetas.
728 3023 868 3087 Tantum
891 3028 996 3087 autem
1018 3023 1111 3087 abest
1141 3024 1182 3086 ab
1216 3044 1264 3102 eo,
1299 3029 1332 3085 ut

143 3125 260 3188 malurn
283 3145 367 3192 mors
391 3129 441 3206 sit,
465 3125 550 3208 quod
573 3127 631 3190 tibi
654 3125 773 3191 dudum
795 3125 973 3207 videbatur,
996 3134 1032 3190 ut
1054 3147 1175 3206 verear,
1209 3145 1250 3189 ne
1280 3125 1333 3189 bo-

142 3230 219 3292 mini
241 3227 321 3293 nihil
345 3232 386 3295 sit
409 3251 472 3294 non
503 3231 620 3294 malum
654 3228 751 3309 aliud,
787 3238 870 3294 certe
905 3232 947 3294 sit
980 3229 1059 3294 nihil
1092 3230 1210 3294 bonum
1243 3229 1332 3294 aliud

142 3334 258 3414 potius,
283 3331 441 3414 siquidem
464 3335 515 3398 vel
539 3332 572 3397 di
595 3336 658 3417 ipsi
680 3335 731 3397 vol
755 3353 827 3398 cum
850 3332 899 3398 dis
922 3333 1019 3397 t'uturi
1042 3352 1160 3396 sumus.

246 3436 330 3513 Quid
353 3435 475 3502 refert?

244 3539 370 3606 Adsunt
386 3543 479 3622 enim,
504 3543 559 3624 qui
574 3541 655 3607 haec
671 3563 735 3606 non
759 3543 904 3627 probent.
951 3541 1021 3624 Ego
1037 3546 1145 3608 autem
1159 3563 1331 3624 numquam

139 3648 184 3709 ita
206 3651 239 3710 te
261 3647 295 3709 in
317 3643 378 3711 hoo
402 3665 548 3710 sermone
571 3645 737 3726 dimittam,
763 3647 827 3710 ulla
850 3648 895 3712 uti
910 3648 1033 3711 ratione
1055 3667 1140 3712 mors
1155 3647 1214 3712 tibi
1230 3646 1331 3711 videri

140 3750 258 3814 malum
280 3751 392 3833 possit.
1204 3737 1205 3740 ¹

244 3853 306 3928 Qui
329 3859 443 3937 potest,
469 3874 540 3922 oum
563 3857 624 3919 ista
647 3857 881 3937 cognoverim?
