2986 4334
538 221 577 270 ne
595 236 621 270 re
638 220 738 286 pannea
756 221 777 280 1,
796 219 909 275 ec-le.
1273 218 1314 282 29

110 428 195 494 dam
224 429 304 495 civis
331 435 374 493 et¹
392 427 493 493 diuini
515 447 617 512 paene
648 432 697 493 est
718 428 789 492 viri.
835 427 948 509 ltaque
970 433 1119 510 quartum
1150 422 1314 508 quoddam

116 551 225 618 genus
246 533 293 598 rei
316 530 464 618 publicae
486 533 623 596 maxime
638 529 838 616 probandum
862 549 934 596 esse
957 530 1069 610 sentio,
1094 527 1180 612 quod
1202 535 1252 594 est
1274 549 1314 594 cx

118 637 184 717 his,
208 655 291 719 quae
313 639 418 722 prima
441 634 518 716 dixi,
542 633 742 701 moderatum
766 641 798 700 et
820 637 1012 720 permixtum
1034 633 1143 699 tribus.

232 741 294 806 Hic
316 739 461 806 Laelius:
497 739 570 805 Scio
593 738 651 805 tibi
675 739 720 804 ita
741 739 880 825 placere,
906 738 1076 822 Africane3
1110 757 1207 824 saepe
1230 739 1314 802 enim
1332 731 1366 782 46

118 865 163 911 ex
186 851 218 910 te
241 843 367 930 audivi;
392 844 451 910 sed
465 851 581 925 tamen,
604 846 666 910 nisi
682 845 849 909 molestum
865 851 924 924 est,
949 863 989 910 ex
1006 843 1107 908 tribus
1122 843 1195 908 istis
1211 839 1315 906 modis

119 949 448 1034 rerumpublicarum
471 947 567 1014 velim
591 951 672 1014 seire
695 947 779 1031 quod
801 949 954 1032 optimum
977 946 1109 1012 iudices.

710 1070 727 1108 ss

234 1171 430 1256 (SCIPIO
438 1177 462 1255 t)
486 1175 574 1240 Talis
591 1183 640 1240 est
663 1195 807 1258 quaeque
831 1176 1037 1260 respublica,
1058 1176 1162 1257 qualis
1177 1176 1246 1238 eius
1261 1180 1315 1236 aut
1332 1169 1366 1220 47

121 1285 238 1343 natura
252 1285 307 1344 aut
323 1278 481 1359 voluntas,
497 1281 551 1361 qui
566 1279 655 1344 illam
670 1281 765 1362 regit.
788 1279 904 1363 Itaque
922 1279 1012 1344 nulla
1033 1280 1099 1344 alia
1120 1281 1153 1343 in
1176 1279 1313 1356 civitate,

120 1383 186 1446 nisi
201 1383 235 1445 in
250 1401 313 1463 qua
329 1381 438 1466 populi
460 1387 605 1468 potestas
628 1401 752 1447 summa
769 1388 827 1464 cst,
850 1381 950 1448 ullum
966 1380 1161 1447 domicilium
1184 1381 1315 1447 libertas

123 1484 231 1564 habet,
248 1505 312 1567 qua
327 1483 643 1568 quidemocrtenihil
657 1492 846 1571 potestesse
862 1485 996 1566 dulcius,
1010 1492 1042 1552 et
1056 1505 1148 1568 quae,
1169 1485 1198 1552 si
1213 1505 1316 1568 acqua

123 1608 188 1654 non
213 1594 271 1668 est,
296 1607 336 1653 ne
359 1588 490 1654 libertas
514 1589 643 1672 quidem
667 1596 724 1655 est.
764 1588 1081 1670 Qniautemaequa
1104 1595 1314 1674 potestesse,

123 1695 237 1758 omitto
259 1691 367 1758 dicere
389 1695 422 1757 in
445 1713 556 1776 regno,
591 1693 709 1758 ubine
743 1692 879 1758 obscura
911 1691 1040 1775 quidem
1063 1700 1112 1759 est
1141 1701 1196 1760 aut
1219 1692 1315 1758 dubia

121 1799 271 1877 servitus,
306 1795 418 1862 sedin
452 1799 523 1862 istis
557 1796 749 1878 civitatibus,
783 1795 953 1879 inquibus
987 1797 1085 1862 verbo
1116 1803 1189 1863 sunt
1222 1797 1316 1863 liberi

121 1900 259 1966 omnes?
281 1899 389 1966 fenunt
405 1904 488 1965 eninr
505 1899 668 1983 suffragia,
684 1900 834 1966 mandant
849 1903 993 1986 imperia,
1013 1901 1229 1985 magistratus,
1252 1923 1316 1968 arn-

121 2007 263 2084 biuntur,
285 2012 449 2088 rogantur,
465 2004 522 2070 sed
538 2023 577 2070 ea
600 2004 677 2070 dant
692 2008 805 2088 magis,
830 2025 920 2088 quae,
945 2005 1070 2070 etiamsi
1085 2007 1195 2088 nolint,
1211 2006 1316 2072 danda

123 2113 197 2190 sint,
229 2115 261 2174 et
284 2129 366 2193 quae
388 2112 451 2194 ipsi
474 2129 538 2174 non
559 2109 688 2188 habent,
712 2108 797 2174 unde
820 2109 876 2174 alii
899 2116 1026 2194 petuut;
1059 2117 1133 2177 sunt
1156 2114 1240 2176 enim
1263 2131 1315 2176 ex-

123 2219 232 2299 pertes
254 2215 389 2298 imperii,
413 2214 540 2279 consilii
556 2214 686 2298 publici,
709 2212 820 2280 iudicii
843 2212 1038 2279 delectorum
1060 2213 1211 2296 iudicum,
1235 2235 1315 2298 quae

120 2316 314 2382 familiarum
337 2317 551 2382 vetustatibus
574 2323 628 2382 aut
651 2320 796 2402 pecuniis
819 2315 1043 2399 ponderantur.

709 2438 728 2476 8

231 2541 265 2610 Si
289 2563 364 2608 vero
393 2546 444 2608 ius
467 2562 559 2608 suum
589 2543 699 2628 populi
722 2549 859 2622 teneant,
894 2550 1013 2625 negant
1043 2546 1212 2625 quicquam
1244 2563 1314 2610 esse
1333 2553 1366 2603 48

120 2647 346 2733 praestantius,
381 2647 523 2726 liberius,
559 2645 694 2726 beatius,
729 2648 848 2731 quippe
870 2649 926 2728 qui
956 2644 1075 2711 domini
1103 2646 1166 2712 sint
1196 2647 1313 2729 legum,

118 2751 321 2831 iudiciorum,
355 2749 442 2830 belli,
477 2749 577 2835 pacis,
611 2748 788 2830 foedemm,
823 2751 938 2835 capitis
959 2752 1055 2814 unius
1078 2751 1240 2834 cuiusque,
1263 2773 1316 2836 pe-

119 2857 243 2924 cuniae.
290 2855 383 2920 Hanc
416 2874 511 2919 unam
545 2858 605 2920 rite
636 2875 704 2920 rem
738 2855 909 2940 publicam,
944 2853 977 2918 id
1011 2862 1060 2920 est
1094 2874 1161 2919 rem
1194 2858 1314 2941 populi,

118 2959 277 3045 appellari
299 2966 421 3045 putant.
467 2959 580 3042 Itaque
604 2967 679 3025 eta
708 2978 820 3041 regum
842 2967 917 3024 cta
947 2965 1073 3045 patrum
1097 2959 1315 3025 dominatione

118 3064 224 3129 solere
246 3067 279 3128 in
295 3064 477 3130 libertatem
500 3083 567 3129 rem
582 3065 693 3149 populi
715 3063 880 3144 vindicari,
904 3081 967 3128 non
990 3085 1031 3130 ex
1053 3061 1164 3129 liberis
1187 3065 1315 3149 populis

117 3187 213 3252 reges
244 3170 365 3250 requiri
387 3177 443 3234 aut
473 3175 662 3254 potestatem
693 3176 789 3250 atque
812 3187 889 3253 opes
920 3171 1129 3253 optimatium.
1176 3167 1218 3232 ut
1238 3187 1315 3234 vcro
1333 3184 1367 3234 49

116 3279 238 3356 negant
271 3278 418 3358 oportere
439 3273 586 3339 indomiti
616 3273 728 3359 populi
757 3276 835 3339 vitio
867 3292 968 3357 genus
998 3273 1060 3338 hoo
1090 3278 1191 3337 totum
1222 3271 1314 3338 liberi

118 3377 230 3462 populi
263 3376 442 3462 repudiari3
479 3378 629 3444 concordi
651 3378 770 3464 populo
800 3385 832 3443 et
865 3381 970 3443 omnia
1004 3376 1165 3444 referente
1195 3376 1237 3443 ad
1270 3380 1315 3443 in-

119 3481 336 3548 columitatem
360 3487 392 3547 et
413 3482 457 3547 ad
472 3482 653 3549 libertatem
676 3501 768 3548 suam
791 3481 872 3548 nihil
888 3500 960 3548 esse
983 3481 1210 3564 immutabilius,
1234 3481 1315 3548 nihil

120 3584 258 3669 lirmius;
287 3584 474 3651 facillimam
497 3594 604 3652 autem
626 3590 658 3651 in
683 3605 722 3652 ca
744 3607 779 3652 re
801 3587 930 3672 publica
953 3606 1025 3652 esse
1048 3587 1260 3668 concordiam,
1283 3591 1316 3652 in

124 3709 188 3773 qua
209 3688 297 3754 idom
321 3689 478 3756 conducat
501 3691 665 3774 omnibus3
689 3712 729 3756 ex
744 3693 890 3756 utilitatis
910 3690 1127 3773 varietatibus,
1151 3711 1223 3756 cum
1244 3690 1316 3756 aliis

122 3793 212 3859 aliud
246 3793 405 3879 expediat,
443 3798 533 3860 nasci
570 3793 762 3878 discordias;
801 3798 918 3878 itaque,
957 3815 1029 3861 cum
1067 3802 1173 3880 patros
1210 3815 1315 3860 rerum

116 3901 300 3982 potirentur,
340 3917 512 3982 numquam
546 3900 727 3964 constitisse
762 3901 901 3964 civitatis
936 3905 1070 3985 statum,
1109 3898 1207 3964 multo
1246 3901 1304 3961 ἰν·-
