3022 4330
620 203 641 262 1,
659 202 674 268 s
691 206 810 273 se-su,
1272 208 1312 270 73

118 417 225 473 utrum
238 373 376 474 ‘taudem
398 430 420 473 a
442 409 534 474 bonis
557 429 599 473 an
621 430 641 474 a
664 411 757 475 malis
788 409 1016 476 discessisset?
1051 412 1134 476 Tum
1166 413 1311 498 profecto

117 512 281 578 videretur
303 533 323 576 a
345 513 447 578 bonis.
493 513 536 577 At
559 520 644 578 certe
669 517 698 578 ei
714 510 835 580 ‘melius
859 517 1030 596 evenisset,
1054 535 1115 581 nec
1139 523 1204 582 tam
1227 515 1313 582 flebi-

119 619 193 682 liter
215 617 271 682 illa
294 623 498 684 canerentur:

227 729 340 796 Haec
363 732 499 796 omnia
521 731 609 796 vidi
631 731 899 812 inflammari,

224 834 385 899 Priamd
408 837 448 898 vi
470 838 597 900 vitam
621 839 787 915 evitari,

225 939 341 1003 Iovis
364 943 473 1003 tram
496 942 704 1021 sanguine
729 942 903 1024 turpari.

121 1053 222 1128 Quasi
244 1070 320 1116 vero
343 1054 406 1118 ista
428 1054 461 1117 vi
484 1055 655 1135 quicquam
685 1060 753 1118 tum
775 1056 917 1138 potuerit
951 1056 981 1118 ei
999 1055 1126 1120 ‘melius
1148 1054 1310 1120 accidere!

122 1155 219 1233 Quod
241 1159 268 1220 si
291 1162 366 1221 ante
389 1155 689 1236 occidisset-talem
712 1163 862 1222 eventum
892 1160 1020 1252 omnino
1043 1161 1218 1240 amisisset;
1253 1159 1314 1224 hoc

120 1267 229 1326 autem
252 1267 395 1344 tempore
419 1279 547 1324 sensum
569 1263 677 1326 amisit
700 1263 864 1326 malorum.
910 1263 1071 1346 Pompeio,
1095 1269 1204 1327 nostro
1228 1262 1315 1328 fami·
1333 1273 1367 1327 86

121 1367 203 1445 liari,
228 1384 300 1430 cum
325 1366 468 1447 graviter
482 1371 666 1448 aegrotaret
681 1365 829 1449 Neapoli,
853 1365 967 1430 melius
983 1373 1032 1430 est
1048 1365 1176 1430 factum.
1223 1365 1318 1431 Coro·

121 1472 190 1534 nati
213 1469 417 1554 Neapolitani
440 1467 578 1550 suerunt,
602 1472 749 1534 nimirum
772 1473 867 1534 etiam
879 1471 1056 1550 Puteolani,
1080 1471 1178 1552 vulgo
1201 1490 1242 1534 ex
1264 1491 1317 1555 op-

123 1574 209 1658 pidis
232 1575 359 1658 publice
381 1574 636 1657 gratulabantur,
649 1576 792 1658 ineptum
805 1593 883 1639 sane
896 1577 1061 1656 negotium
1073 1582 1104 1640 et
1116 1575 1317 1656 Graeculum,

125 1676 183 1743 sed
206 1685 314 1742 tamen
336 1676 540 1742 fortunatum.
587 1677 700 1742 Utrum
723 1681 831 1761 igitur,
855 1681 883 1743 si
906 1683 971 1742 tum
996 1685 1082 1744 esset
1106 1682 1274 1759 extinctus,
1299 1699 1319 1742 a

125 1783 218 1848 bonis
241 1782 337 1847 rebus
359 1804 401 1847 an
424 1783 557 1846 amalis
580 1781 807 1848 discessisset?
831 1782 924 1848 Certe
939 1803 958 1846 a
973 1785 1106 1848 miseris.
1145 1784 1217 1848 Non
1233 1785 1317 1848 enim

125 1907 198 1951 cum
222 1906 333 1951 socero
356 1887 475 1952 bellum
498 1890 664 1970 gessisset,
698 1907 764 1952 non
786 1890 962 1972 imparatus
995 1907 1084 1952 arma
1118 1890 1316 1972 sumpsisset,

125 2011 191 2055 non
214 1989 342 2055 domum
375 1991 568 2073 reliquisset,
603 2012 668 2056 non
703 2011 743 2055 ex
766 1992 861 2057 Italia
895 1992 1042 2075 fugisset,
1078 2011 1141 2055 non
1175 1994 1317 2056 exercitu

124 2097 243 2160 amisso
266 2093 370 2159 nudus
393 2097 426 2160 in
449 2113 613 2159 servorum
636 2095 754 2160 serrum
779 2103 810 2160 et
832 2115 944 2161 manus
971 2094 1147 2160 incidisset·
1194 2095 1265 2176 Qui,
1290 2098 1316 2159 si

123 2204 259 2263 mortem
282 2208 349 2262 tum
373 2199 504 2279 obisset,
527 2202 560 2263 in
583 2201 789 2283 amplissimis
823 2199 959 2264 fortunis
983 2199 1163 2279 occidisset,
1197 2201 1224 2262 is
1247 2219 1316 2283 prc-

123 2306 297 2386 pagationc
321 2306 408 2367 vitae
432 2309 519 2384 quot,
544 2311 688 2384 quantas,
713 2324 808 2385 quam
831 2302 1036 2368 incredibiles
1059 2302 1168 2367 bausit
1190 2301 1315 2367 calami-

121 2409 222 2472 tates!
247 2409 337 2472 llaec
360 2414 461 2474 morte
485 2407 692 2490 effugiuntur,
717 2412 813 2473 etiam
838 2411 864 2472 si
887 2429 950 2472 nou
985 2414 1168 2488 evenerunt,
1198 2415 1314 2486 tamen,

120 2515 197 2593 quia
219 2519 353 2596 possunt
377 2515 516 2577 evenire.
562 2511 626 2577 Sed
650 2501 794 2578 homines
818 2533 856 2577 ea
879 2513 940 2576 sibi
964 2511 1111 2576 accidere
1133 2530 1229 2595 posse
1252 2532 1315 2576 non

119 2619 280 2699 cogitant;
305 2615 427 2680 Metelli
450 2624 559 2700 sperat
582 2616 644 2680 sibi
679 2618 816 2696 quisque
849 2616 1022 2696 fortunam,
1057 2615 1191 2699 proinde
1224 2617 1315 2698 quasi

120 2727 177 2784 aut
200 2721 307 2805 plures
330 2720 484 2784 fortunati
507 2722 571 2784 siut
594 2739 689 2802 quam
712 2720 859 2785 infelices
893 2729 949 2784 aut
972 2722 1050 2785 certi
1073 2721 1242 2802 quicquam
1273 2722 1315 2784 sit

120 2827 155 2888 in
178 2825 273 2890 rebus
296 2823 442 2889 humanis
465 2831 521 2888 aut
544 2845 673 2909 sperare
697 2827 738 2889 sit
761 2825 949 2908 prudentius
973 2845 1068 2907 quam
1091 2827 1211 2889 timere.

228 2946 293 3011 Sed
317 2945 377 3010 boo
410 2949 514 3029 ipsum
538 2944 741 3024 concedatur,
777 2946 870 3009 bonis
904 2946 1000 3010 rebus
1034 2946 1179 3010 homines
1213 2952 1312 3010 morte
1331 2955 1364 3003 87

121 3053 260 3136 privari:
284 3070 362 3134 ergo
387 3053 483 3115 etiam
506 3070 614 3116 carere
638 3057 779 3115 mortuos
802 3053 887 3116 vitae
911 3050 1086 3114 commodis
1115 3049 1213 3132 idque
1243 3067 1314 3112 osse

120 3155 298 3220 miserum?
323 3155 418 3220 Oerte
442 3157 487 3218 ita
510 3155 618 3219 dicant
641 3174 773 3218 necesse
797 3162 855 3218 est.
901 3154 952 3218 An
975 3155 1140 3237 potestis,
1176 3153 1315 3233 quinon

118 3266 177 3338 est,
202 3279 235 3322 re
259 3260 326 3323 ulla
350 3260 484 3323 carere?
508 3258 613 3323 Triste
637 3261 721 3322 enim
744 3265 794 3322 est
816 3279 932 3323 nomen
955 3261 1060 3341 ipsum
1076 3254 1215 3335 carendi,
1240 3257 1315 3336 quia

118 3363 275 3428 subicitur
291 3362 373 3428 haec
388 3365 456 3448 vvis:
481 3362 602 3443 babuit,
619 3383 682 3426 non
697 3361 810 3443 babet;
836 3361 1005 3441 desiderat,
1022 3361 1163 3442 requirit,
1180 3357 1313 3440 indiget.

7 3527 27 3558 „
120 3467 221 3548 Haec,
246 3469 368 3551 opinor,
400 3466 601 3530 incommoda
632 3473 705 3530 sunt
736 3468 885 3529 carentis.
931 3463 1026 3528 Caret
1060 3463 1168 3545 oculis,
1203 3461 1315 3526 odiosa

121 3569 279 3655 caecitas,
304 3570 425 3652 liberis,
450 3571 580 3636 orbitas.
626 3570 721 3636 Valet
743 3568 803 3634 hoc
827 3572 859 3633 in
881 3569 974 3648 vivis,
991 3573 1185 3632 mortuorum
1208 3573 1314 3630 autem

121 3694 188 3738 non
210 3674 305 3738 modo
327 3676 416 3740 vitae
441 3673 623 3754 commodis,
648 3672 706 3737 sed
729 3693 770 3737 ne
793 3675 859 3736 vita
882 3669 1010 3753 quidem
1041 3673 1114 3754 ipsa
1147 3672 1313 3752 quisquam

122 3785 221 3864 caret,
269 3778 319 3842 De
342 3780 473 3844 mortuis
497 3779 617 3859 loquor,
642 3779 696 3858 qui
719 3778 797 3841 nulli
821 3783 910 3860 sunt,
935 3793 1003 3854 uos,
1028 3777 1082 3856 qui
1098 3793 1214 3853 sumus,
1239 3793 1312 3836 num

122 3887 179 3946 aut
202 3885 248 3946 sic
273 3882 422 3946 cornibus
446 3900 590 3946 caremus
614 3888 667 3945 aut
689 3883 820 3964 pinnis?
846 3880 967 3961 Ecquis
991 3877 1023 3942 id
1047 3878 1188 3942 dixerit?
1220 3878 1313 3942 Certe
