2986 4334
595 168 616 227 I,
635 167 649 232 5
669 169 778 222 12-15.
1240 167 1282 230 59

86 379 156 443 sit?
180 377 231 442 Au
254 382 288 440 tu
315 361 473 460 'egressus
507 382 599 460 porta
634 373 763 460 Capena
797 393 869 438 oum
903 372 1049 454 Calatini,
1085 375 1280 463 Scipionum,

84 482 306 562 Serviliorum,
331 479 531 546 Metellorum
555 480 704 565 sepulcra
725 477 828 560 vidos,
851 479 985 546 miseros
1009 488 1104 564 putas
1125 481 1222 546 illos?

194 595 352 671 Quoniam
375 615 426 660 me
448 594 548 660 verbo
573 593 701 677 premis,
725 593 859 676 posthae
882 614 945 658 non
969 593 1013 658 ita
1044 593 1159 676 dioam,
1190 594 1282 660 mise-

87 721 143 766 ros
168 719 251 781 esse,
276 697 333 766 sed
356 699 480 763 tantuin
502 698 646 778 miseros,
670 698 709 762 ob
733 696 766 761 id
789 698 904 781 ipsum,
929 699 1090 780 quianon
1114 700 1186 764 sint.

196 805 269 868 Non
285 801 366 868 diois
383 802 494 885 igitur:
515 802 629 868 ‘Miser
645 808 693 865 est
710 801 751 866 M.
770 801 924 882 Crassus',
941 801 1000 866 sed
1014 810 1154 868 tantum:
1175 803 1286 868 ‘Miser

88 912 132 974 hl.
163 909 333 974 Crassus’?

197 1013 248 1076 Ita
270 1014 375 1097 plane.
493 1088 497 1096 γ

198 1117 296 1194 Quasi
319 1138 380 1182 uon
404 1134 536 1181 neeesse
560 1113 610 1196 sit,
634 1113 788 1198 quidquid
817 1115 878 1180 isto
900 1115 994 1180 modo
1028 1117 1222 1200 pronunties,
1254 1117 1286 1182 id
1307 1121 1338 1171 14

90 1229 150 1286 aut
175 1241 246 1288 esse
269 1227 410 1286 autnon
433 1239 513 1286 esse.
561 1220 611 1284 An
642 1226 677 1284 tu
701 1218 875 1284 dialecticis
910 1241 950 1284 ne
984 1219 1126 1286 imbutus
1160 1219 1287 1303 quidem

92 1327 157 1391 es?
181 1325 350 1411 Inprimis
374 1325 459 1389 enirn
481 1324 542 1388 hoo
564 1322 716 1388 traditur:
741 1343 832 1389 omne
856 1324 1095 1407 pronuntiatum
1119 1324 1180 1410 (sio
1203 1325 1288 1391 enim

93 1429 173 1494 mihi
196 1429 229 1494 in
252 1428 585 1515 praesentiaooourrit
607 1433 642 1492 ut
665 1427 862 1512 appellarem
879 1430 1021 1512 ἀξίωμα;
1044 1434 1117 1493 utar
1128 1436 1201 1514 post
1212 1429 1286 1508 alio,

94 1537 121 1600 si
148 1537 301 1599 invenero
325 1531 452 1616 melius)
477 1571 517 1578 —
541 1532 574 1595 id
598 1551 674 1615 ergo
698 1537 747 1597 est
770 1532 1018 1616 pronuntiatum,
1051 1533 1138 1616 quod
1167 1541 1216 1599 est
1238 1554 1289 1598 ve-

94 1660 167 1704 rum
197 1644 252 1703 aut
274 1637 400 1702 falsum.
447 1636 526 1702 Cum
551 1636 648 1719 igitur
671 1636 766 1702 diois:
787 1637 898 1702 ‘Miser
913 1637 954 1702 M.
973 1636 1125 1719 Crassus’,
1150 1645 1205 1703 aut
1228 1637 1289 1703 hoo

95 1743 196 1807 diois:
218 1741 328 1806 ‘Miser
351 1748 399 1806 est
422 1741 575 1821 Crassus',
601 1746 636 1804 ut
657 1741 758 1825 possit
780 1739 924 1822 iudicari,
948 1761 1058 1807 verum
1081 1741 1115 1806 id
1129 1741 1290 1807 falsumne

95 1849 149 1928 sit,
173 1853 229 1909 aut
251 1845 330 1910 nihil
354 1845 435 1909 diois
458 1847 593 1910 omniuo.

201 1951 283 2034 Age,
297 1950 360 2013 iam
372 1949 513 2013 concedo
526 1969 589 2012 non
601 1967 673 2014 esse
685 1949 827 2030 miseros,
851 1946 905 2031 qui
922 1951 1036 2016 mortui
1052 1951 1123 2028 sint,
1141 1951 1292 2032 quoniam

99 2054 275 2135 extorsisti,
288 2060 323 2118 ut
334 2054 462 2132 faterer,
475 2053 529 2136 qui
541 2053 667 2118 omnino
679 2074 742 2118 non
754 2061 870 2136 essent,
887 2075 942 2120 eos
958 2076 998 2120 ne
1013 2055 1147 2122 miseros
1163 2055 1292 2138 quidem

99 2179 173 2226 esse
203 2178 310 2244 posse.
357 2155 465 2234 Quid?
501 2158 555 2240 qui
589 2158 734 2238 vivimus,
769 2179 841 2223 oum
875 2159 1074 2224 moriendum
1107 2160 1157 2241 ait,
1188 2179 1292 2225 nonne

100 2264 211 2329 miseri
235 2263 369 2329 sumus?
394 2261 485 2338 Quae
509 2262 592 2326 enim
623 2268 730 2346 potest
751 2263 784 2328 in
814 2263 880 2328 vita
906 2285 982 2354 'esse
1004 2265 1197 2346 iucunditas,
1222 2285 1294 2330 oum

101 2369 171 2434 dies
195 2375 227 2433 et
255 2373 367 2432 nootes
390 2367 596 2450 cogitandum
626 2367 752 2432 sitiam
784 2369 912 2451 iamque
942 2388 1013 2435 esse
1036 2369 1258 2435 moriendum?

206 2471 331 2558 Ecquid
353 2492 429 2555 ergo
453 2471 624 2555 intellegis,
650 2480 803 2554 quantum
833 2473 908 2537 mali
943 2473 983 2539 de
1017 2474 1156 2540 humana
1189 2475 1294 2539 condi·
1314 2493 1345 2546 15
1421 2454 1424 2460 ’

103 2579 195 2644 aione
220 2576 401 2642 deieceris?

208 2679 351 2756 Quonam
375 2679 494 2746 modo?

208 2784 300 2866 (luia,
325 2785 351 2852 si
375 2786 453 2850 mori
477 2785 572 2850 etiam
596 2786 728 2852 mortuis
740 2786 889 2858 miserum
913 2794 1008 2868 esset,
1025 2787 1184 2853 infinitum
1200 2788 1297 2871 quod-

107 2891 180 2955 dam
204 2899 235 2955 et
266 2890 492 2975 sempiternum
527 2891 644 2955 malum
678 2891 884 2974 haberemus3
918 2893 951 2956 in
985 2892 1052 2957 vita
1086 2913 1170 2958 nune
1202 2892 1297 2957 video
1383 2935 1384 2939 =

108 2997 238 3075 oaloem,
261 2995 302 3060 ad
327 3016 422 3078 quam
446 3015 518 3060 oum
541 2996 582 3060 sit
599 2995 777 3075 decursum,
801 2995 881 3060 nihil
904 2997 944 3062 sit
971 3004 1138 3080 praeterea
1159 2998 1297 3062 extime-

108 3098 271 3164 scendum.
318 3100 382 3164 Sed
405 3107 439 3166 tu
454 3099 533 3164 mihi
550 3097 670 3164 videris
695 3099 886 3182 Epicharmi,
913 3101 998 3164 acuti
1022 3122 1081 3166 neo
1104 3101 1218 3166 insulsi
1242 3103 1297 3165 ho·

108 3202 200 3266 minis
223 3210 258 3266 ut
281 3203 389 3284 Siouli,
415 3204 604 3269 sententiam
629 3205 729 3285 sequi.

211 3305 338 3381 Quam?
362 3308 434 3371 Non
458 3308 542 3372 enim
566 3308 650 3373 novi.

209 3411 335 3493 Dicam,
360 3413 386 3476 si
410 3420 532 3494 potero,
556 3413 677 3477 Latine.
726 3411 796 3476 Seis
820 3412 904 3476 enim
927 3432 978 3476 me
1002 3413 1123 3478 Graece
1158 3414 1243 3494 loqui
1267 3414 1299 3477 iu

111 3515 224 3579 Latino
248 3536 394 3582 sermone
418 3537 481 3581 uon
504 3518 576 3600 plus
602 3517 706 3580 solere
730 3536 824 3598 quam
848 3517 880 3580 in
904 3517 1024 3581 Graeco
1048 3516 1170 3582 Latino.

211 3629 252 3693 Et
274 3637 359 3694 reete
382 3630 521 3712 quidem.
575 3629 640 3694 Sed
674 3650 758 3712 quae
791 3630 922 3695 tandem
952 3639 999 3694 est
1022 3631 1205 3714 Epicharmi
1240 3633 1298 3698 ista

113 3735 296 3800 sententia?
897 3743 899 3753 '

213 3829 350 3911 Emori
366 3847 470 3932 noll),
487 3849 559 3914 sed
575 3868 633 3912 me
650 3868 741 3914 esse
757 3850 1097 3914 mortuumnihili
1114 3851 1298 3916 aestimo.
