3022 4330
206 242 247 306 66
606 239 608 244 '
659 239 760 303 Disput.
779 239 936 288 Tusculanae

207 455 312 512 natrrm
335 455 430 529 atque
455 445 560 511 fictum
585 465 655 512 esse
679 445 835 527 videatur,
861 445 940 510 nihil
963 465 1003 510 ne
1026 453 1083 510 aut
1106 443 1248 510 umidum
1270 444 1406 526 quidem

205 557 260 616 aut
283 548 391 616 flabile
425 557 481 614 aut
514 549 652 633 igneum.
698 549 758 615 His
782 549 867 616 enirn
889 549 921 613 in
944 549 1065 614 naturis
1087 547 1167 613 nihil
1191 547 1282 632 inest,
1314 547 1404 631 quod

206 655 269 720 vim
293 655 476 736 memoriae,
510 654 637 735 mentis,
661 653 866 737 cogitationis
889 654 1016 734 habeat,
1052 653 1137 736 quod
1171 661 1204 718 et
1225 652 1404 738 praeterita

206 767 314 826 teneat
337 766 370 825 et
391 757 499 824 futura
520 760 687 844 provideat
709 765 742 824 et
763 760 931 843 complecti
954 760 1057 842 possit
1071 758 1261 844 praesentia
1308 757 1401 834 Quae

206 864 275 930 sola
299 862 408 930 divina
437 870 518 948 sunt,
548 883 609 928 nec
631 863 813 928 invenietur
846 882 1007 945 nmquam,
1040 862 1126 928 unde
1159 861 1201 927 ad
1235 861 1399 928 hominem

206 967 315 1034 venire
337 970 464 1053 possint
487 968 549 1034 nisi
572 988 592 1032 a
614 967 683 1033 deo.
732 968 914 1050 Singularis
927 973 978 1033 est
992 967 1091 1050 igitur
1105 965 1265 1050 quaedam
1281 973 1398 1032 natura,

204 1079 302 1154 atque
324 1075 373 1138 vis
395 1071 490 1146 animi
517 1072 661 1139 seiuncta
684 1074 723 1138 ab
747 1073 797 1138 his
827 1073 954 1138 usitatis
976 1073 1124 1156 notisque
1158 1073 1288 1139 naturis.
1337 1073 1399 1141 Ita,

205 1176 361 1260 quidquid
384 1184 433 1242 est
456 1176 546 1258 illud
571 1177 656 1260 quod
679 1176 785 1258 sentit,
821 1176 907 1260 quod
942 1177 1033 1262 sapit,
1069 1177 1153 1260 qnod
1187 1176 1276 1253 vivit,
1312 1179 1399 1259 quod

204 1283 303 1364 viget,
327 1283 465 1348 caeleste
489 1289 520 1347 et
543 1277 685 1346 divinum
709 1283 750 1347 ob
773 1302 907 1364 eamque
929 1302 997 1347 rem
1019 1290 1184 1347 aeternum
1199 1283 1241 1348 sit
1263 1301 1400 1348 necesse
1500 1341 1501 1348 ,

206 1393 262 1450 est.
308 1385 377 1452 Nec
399 1397 475 1451 vero
498 1387 578 1452 deus
602 1387 681 1471 ipse,
705 1385 758 1469 qui
771 1386 967 1469 intellegitur
989 1385 1123 1466 anobis,
1147 1387 1211 1451 alio
1234 1384 1329 1454 modo
1352 1387 1399 1450 in·
1500 1445 1501 1462 q

205 1491 316 1574 tellegi
339 1496 445 1576 potest
468 1490 531 1556 nisi
553 1511 643 1556 mens
665 1491 769 1556 soluta
792 1490 950 1574 quaedam
972 1497 1004 1555 et
1026 1491 1137 1563 libera,
1161 1497 1333 1576 segregata
1356 1493 1399 1556 ab
1500 1487 1501 1562 ζ

206 1593 289 1658 ‹rnrni
313 1594 516 1660 concretione
543 1595 680 1675 mortali,
716 1595 822 1660 omnia
855 1593 996 1660 sentiens
1031 1602 1062 1659 et
1096 1613 1228 1660 movens
1263 1596 1398 1680 ipsaque
1500 1617 1501 1684 }

152 1713 185 1762 st
204 1696 351 1782 praedita
373 1705 459 1764 motu
483 1699 687 1784 sempiterno.
734 1699 804 1764 Hoc
827 1720 844 1763 e
868 1718 986 1781 genere
1009 1704 1104 1780 atque
1121 1699 1234 1762 eadem
1251 1707 1399 1763 enatura

204 1809 252 1866 est
275 1800 413 1866 humana
437 1806 544 1868 mens?
1500 1795 1501 1798 ¹

309 1939 372 2006 Ubi
394 1941 492 2025 igitur
514 1947 569 2006 aut
592 1942 699 2022 qualis'
720 1949 770 2007 est
793 1942 855 2007 ista
878 1943 993 2006 mens?
1020 1979 1058 1988 -
1076 1942 1145 2007 Ubi
1169 1950 1225 2007 tua
1247 1949 1302 2007 aut
1318 1963 1394 2024 qua-

205 2045 268 2110 lis‘?
292 2045 430 2110 Potesne
453 2045 584 2110 dicere?
608 2067 659 2125 an,
683 2046 710 2111 si
734 2048 840 2110 omnia
863 2045 906 2110 ad
928 2046 1180 2128 intellegendum
1202 2067 1266 2115 non
1281 2045 1394 2126 habeo,
1500 2125 1501 2146 Χ

205 2170 285 2230 quae
310 2149 428 2216 habere
452 2150 578 2231 vellem,
605 2151 708 2216 neiis
732 2149 871 2231 quidem,
907 2167 988 2230 quae
1013 2149 1125 2231 habeo,
1161 2149 1237 2214 mihi
1272 2169 1330 2236 per
1363 2157 1396 2214 te

204 2253 248 2318 uti
273 2254 404 2319 licebit?
429 2291 466 2300 -
491 2253 565 2319 Non
588 2256 674 2320 valet
696 2260 820 2320 tanturn
844 2256 978 2330 animus,
1001 2262 1036 2320 ut
1059 2274 1095 2320 se
1117 2255 1222 2339 ipsum
1253 2254 1322 2339 ipse
1352 2257 1396 2318 vi-

203 2358 286 2423 deat.
311 2396 352 2406 -
375 2360 418 2424 At
441 2367 476 2428 ut
499 2361 619 2439 oculus,
653 2360 699 2425 sic
722 2359 847 2424 animus
882 2378 917 2424 se
951 2378 1012 2424 non
1036 2358 1151 2425 videns
1184 2361 1249 2432 alia
1283 2361 1394 2427 cernit.

202 2463 273 2527 Non
298 2463 385 2528 videt
409 2468 523 2542 autern,
549 2463 634 2546 quod
657 2463 822 2528 minimum
839 2469 895 2544 est,
921 2461 1055 2528 formam
1078 2482 1169 2528 suam
1193 2461 1329 2529 fortasse
1352 2499 1396 2509 —

203 2585 395 2650 quamquam
418 2566 453 2630 id
476 2586 612 2649 quoque,
636 2566 695 2632 sed
717 2569 934 2650 relinquamus
960 2607 996 2612 -
1022 2570 1087 2632 vim
1111 2574 1205 2648 certe,
1238 2566 1396 2650 sagacita-

203 2679 276 2750 tem,
301 2671 496 2751 memoriam,
520 2679 649 2752 motum,
674 2672 872 2736 celeritatem
895 2671 992 2738 videt.
1041 2672 1131 2736 Haec
1155 2688 1283 2754 magna,
1313 2671 1396 2737 haec

204 2775 320 2852 divina,
344 2774 425 2840 haec
448 2775 645 2859 sempiterna
682 2782 769 2858 sunt3
807 2795 869 2857 qua
898 2774 982 2840 facie
1016 2775 1145 2857 quidem
1179 2777 1219 2840 sit
1252 2781 1308 2840 aut
1340 2775 1395 2839 ubi

151 2885 185 2934 os
203 2878 335 2960 habitet,
359 2900 399 2944 ne
422 2879 638 2962 quaerendum
662 2879 791 2961 quidem
813 2887 872 2945 est.
918 2881 961 2945 ¹Ut
984 2901 1057 2946 cum
1078 2881 1224 2946 videmus
1254 2879 1396 2964 speciem

202 2983 336 3068 primum
360 2983 596 3066 candoremque
608 2984 698 3068 caeli,
721 2983 795 3049 dein
810 2985 1028 3050 conversionis
1044 2985 1240 3051 celeritatem
1262 2990 1394 3064 tantam,

204 3094 354 3169 quantam
377 3085 519 3170 cogitare
543 3107 607 3152 non
629 3107 808 3173 possumus,
831 3094 898 3152 turn
933 3089 1173 3154 vicissitudines
1204 3088 1328 3154 dierum
1357 3109 1396 3153 ac

202 3192 341 3257 noctium
365 3191 693 3275 commutationesque
715 3198 892 3276 temporum
917 3193 1174 3278 quadrupertitas
1197 3193 1239 3261 ad
1269 3195 1396 3258 maturi-

202 3303 300 3362 tatem
323 3298 451 3381 frugum
475 3303 506 3364 et
529 3298 572 3362 ad
605 3296 869 3382 temperationem
893 3315 1060 3381 corporum
1093 3304 1187 3383 aptas
1221 3317 1394 3380 eorumque

203 3401 343 3466 omnium
366 3401 597 3467 moderatorem
622 3409 653 3466 et
677 3400 791 3466 ducem
815 3401 914 3466 solem
945 3402 1116 3485 lunamque
1150 3403 1330 3470 coerctione
1364 3411 1395 3467 et

203 3505 420 3571 deminutione
443 3505 573 3571 luminis
597 3505 689 3588 quasi
712 3505 866 3570 fastorum
900 3512 1064 3572 notantem
1098 3515 1130 3572 et
1160 3505 1393 3589 significantem
1500 3511 1501 3526 ²

203 3608 282 3689 dies,
306 3615 372 3674 tum
395 3610 426 3673 in
451 3609 565 3674 eodem
589 3608 664 3674 orbe
687 3609 720 3672 in
744 3607 912 3674 duodecim
934 3615 1043 3694 partes
1066 3609 1233 3676 distributo
1256 3608 1394 3691 quinque

204 3713 313 3778 stellas
337 3713 413 3778 ferri
438 3713 567 3779 eosdem
591 3733 701 3778 cursus
725 3714 983 3778 constantissime
1014 3721 1180 3780 servantes
1212 3713 1393 3798 disparibus

203 3819 285 3883 inter
310 3839 344 3884 se
368 3817 506 3883 motibus
530 3825 781 3898 nocturnamque
805 3816 887 3882 caeli
909 3815 1044 3882 formam
1066 3817 1206 3900 undique
1237 3816 1393 3895 sideribus

204 3928 357 4002 amatam,
382 3929 449 3985 tum
472 3922 603 4002 globum
626 3926 730 3985 terrae
755 3921 945 3985 eminentem
969 3941 986 3984 e
1009 3923 1098 3998 mari,
1122 3921 1217 3986 fixum
1233 3923 1266 3984 in
1289 3919 1393 3986 medio
