2986 4334
511 221 551 270 De
568 235 594 270 re
612 221 712 286 publica
730 222 750 280 1,
767 223 879 274 eti-65.
1243 221 1285 286 35

88 428 212 514 plebei,
263 433 330 494 tum
364 447 495 514 prorsus
528 429 574 493 ita
614 435 687 494 aeta
710 429 871 514 pleraque,
908 433 943 491 ut
972 429 1005 492 in
1039 428 1157 512 populo
1180 435 1286 492 essent
1359 430 1363 438 '

84 534 207 596 omnia.

202 636 267 718 Est,
290 639 401 720 inquit,
425 643 461 702 nt
482 637 572 704 dieis.

200 740 257 807 Est
279 760 364 820 vero,
389 742 492 824 inquit
515 741 635 826 Seipio,
663 741 695 804 in
719 759 797 824 paee
821 743 957 824 etalio,
982 740 1058 804 lieet
1080 743 1165 805 enim
1188 741 1280 806 lasei·
1299 737 1332 788 ⁶3

85 845 169 926 vire,
203 845 279 910 dum
308 845 388 910 nihil
418 854 553 927 metuas,
589 853 623 910 ut
655 846 688 909 in
719 848 795 911 navi
816 864 855 910 ae
879 863 977 930 saepe
999 845 1095 910 etiam
1118 845 1151 910 in
1173 845 1282 910 morbo

87 949 166 1013 levi.
214 947 279 1014 Sed
300 955 336 1014 ut
357 950 421 1031 ille,
439 953 493 1034 qui
516 952 657 1033 navigat,
674 969 746 1014 oum
766 949 873 1015 subito
892 967 981 1013 mare
1000 952 1105 1034 eoepit
1124 946 1284 1015 horresee-

87 1073 136 1136 re,
159 1059 193 1116 et
223 1052 279 1118 ille
301 1073 400 1137 aeger
422 1054 666 1138 ingravescente
689 1053 799 1118 morbo
822 1054 916 1118 unius
940 1071 1033 1138 opem
1055 1054 1212 1138 implorat,
1238 1055 1284 1118 sie

88 1163 202 1222 noster
231 1157 370 1242 populus
393 1161 425 1222 in
448 1179 530 1243 paee
559 1167 592 1224 et
614 1157 700 1224 domi
724 1159 858 1242 imperat
887 1165 920 1223 et
942 1156 1021 1242 ipsis
1043 1157 1284 1241 magistratibus

90 1264 242 1342 minatur,
266 1270 401 1344 recusat,
426 1252 584 1349 appellat,
603 1270 766 1347 provocat,
794 1262 827 1326 in
850 1262 934 1327 bello
960 1263 1006 1328 eie
1028 1270 1120 1348 paret
1141 1271 1176 1328 ut
1198 1262 1283 1346 regi,

89 1368 180 1431 valet
203 1369 287 1432 enim
302 1368 390 1432 salus
413 1368 597 1452 plusquam
620 1366 731 1433 libido.
756 1367 965 1434 Gravioribus
988 1387 1064 1434 vero
1079 1367 1172 1433 bellis
1189 1370 1285 1434 etiam

89 1474 162 1535 sine
197 1471 323 1556 collega
352 1491 445 1537 omne
474 1473 644 1557 imperium
667 1474 768 1537 nostri
801 1491 901 1558 penes
925 1472 1068 1556 singulos
1103 1491 1176 1538 esse
1199 1475 1284 1538 volu-

89 1583 194 1656 erunt,
218 1593 351 1658 quorum
375 1577 481 1662 ipsum
503 1597 619 1641 nomen
641 1576 706 1640 vim
730 1596 808 1642 suae
831 1579 1001 1661 potestatis
1025 1575 1153 1641 indicat.
1201 1576 1284 1642 Nam

90 1679 277 1744 dictator
300 1680 429 1762 quidem
451 1681 492 1746 ab
516 1701 554 1746 eo
577 1681 768 1766 appellatur,
800 1683 876 1762 qnia
898 1680 1068 1760 dieitur,
1099 1679 1156 1745 sed
1179 1681 1209 1745 in
1233 1703 1285 1746 no-

91 1784 170 1848 stris
193 1784 282 1850 libris
313 1784 404 1850 vides
435 1805 517 1866 eum,
547 1785 646 1866 Laeli,
677 1785 921 1869 magistrum
952 1787 1097 1871 populi
1119 1787 1283 1872 appellari.

684 1926 702 1962 ii

202 2029 288 2094 Iusto
324 2029 454 2111 quidem
487 2050 564 2114 rege
588 2050 658 2094 eum
693 2037 742 2094 est
765 2032 901 2115 populus
932 2031 1070 2112 orbatus,
1101 2033 1287 2115 ‘peotora
1304 2040 1338 2089 oo

92 2132 163 2196 diu
193 2140 310 2198 tenet
351 2133 627 2214 desiderium',
670 2137 750 2198 sieut
794 2137 838 2198 ait
887 2135 1016 2216 Ennius,
1059 2142 1132 2220 post
1177 2133 1286 2218 optimi

91 2240 179 2321 regis
202 2237 337 2322 obitum

1024 2343 1146 2408 simul
1177 2341 1287 2405 iuter

136 2445 236 2511 Sese
259 2449 319 2511 sio
342 2455 582 2511 memorant:
604 2449 635 2509 ‘o
659 2447 837 2526 Romule,
861 2445 1030 2510 Romule
1053 2445 1131 2526 die,

138 2553 309 2627 Qualem
332 2559 370 2616 te
393 2552 558 2635 patriae
582 2551 797 2616 eristodem
821 2551 860 2615 di
883 2552 1134 2635 genuerunt!

137 2654 164 2719 Ο
188 2661 316 2739 pater,
341 2675 359 2718 o
382 2659 560 2737 genitor,
585 2675 603 2720 o
627 2675 814 2740 sanguen
839 2653 901 2721 dis
925 2655 1170 2721 oriundum?

95 2759 169 2821 Non
193 2778 287 2822 eros
309 2778 368 2823 nee
399 2759 587 2823 dominos
617 2760 823 2845 appellabant
846 2779 910 2840 eos,
946 2762 1061 2843 quibus
1084 2763 1167 2824 iuste
1198 2779 1287 2842 paru-

94 2868 196 2942 erunt,
235 2861 372 2944 denique
403 2882 443 2926 ne
473 2882 598 2946 reges
629 2863 766 2946 quidem,
806 2863 863 2927 sed
886 2866 1008 2947 patriae
1031 2861 1190 2943 custodes,
1231 2862 1287 2925 sed

93 2969 211 3051 patres,
237 2964 296 3030 sed
318 2965 412 3050 deae,
437 2986 496 3031 nee
519 2969 588 3031 sine
612 2986 726 3050 oausa3
752 2967 828 3052 quid
850 2970 934 3031 enim
958 2965 1162 3050 adiungunt?

134 3067 204 3132 ‘'l'u
228 3069 474 3153 produxisti
497 3090 571 3135 nos
593 3073 705 3135 iutra
725 3073 896 3136 luminis
920 3074 1032 3136 orae?

93 3173 210 3253 Vitam,
235 3172 396 3255 honorem,
429 3175 527 3240 decus
552 3174 613 3239 sibi
636 3175 746 3239 datum
770 3193 840 3240 esse
871 3177 994 3240 iustitia
1017 3177 1103 3258 regis
1127 3175 1294 3239 existima·

95 3280 181 3343 bant.
227 3277 401 3343 Mansisset
431 3277 543 3342 eadem
573 3280 721 3345 voluntas
743 3281 775 3342 in
807 3298 914 3343 eorum
945 3281 1092 3364 posteris,
1127 3281 1155 3343 si
1177 3297 1286 3360 regum

95 3380 271 3447 similitudo
306 3385 542 3467 permansisset,
578 3382 635 3448 sed
666 3382 757 3448 vides
792 3385 885 3447 unius
919 3385 1074 3447 iniustitia
1107 3379 1287 3447 coneidisee

95 3505 198 3571 genus
221 3486 301 3551 illud
323 3493 425 3551 totum
448 3489 495 3551 rei
516 3487 676 3572 publieae.

200 3587 302 3655 Video
326 3610 411 3672 vero,
434 3593 547 3673 inquit,
573 3597 605 3656 et
622 3589 734 3656 studeo
760 3611 871 3656 oureus
888 3594 967 3656 istos
991 3594 1200 3656 mutationum
1223 3610 1286 3654 uon

97 3697 200 3778 magis
225 3696 258 3758 in
280 3701 390 3760 nostra
413 3713 507 3777 quam
531 3697 562 3759 in
586 3699 673 3760 omni
696 3715 730 3760 re
753 3694 881 3779 publiea
903 3713 1045 3759 noseere.

200 3797 241 3863 nt
264 3797 389 3883 Seipio:
424 3799 484 3864 Est
506 3802 643 3880 omuino,
675 3819 746 3864 oum
770 3799 809 3864 de
833 3800 887 3863 illo
918 3818 1036 3882 genere
1059 3803 1107 3864 rei
1129 3799 1339 3883 puniceam

97 3901 183 3987 quod
206 3905 345 3967 maxime
367 3903 477 3988 probo,
502 3923 583 3985 quae
599 3906 710 3984 sentio,
736 3901 856 3984 dixero,
880 3906 1059 3968 aoeuratius
1081 3901 1159 3966 mihi
1182 3902 1287 3966 dioen-

1131 4024 1158 4075 3*
