2986 4334
617 231 638 286 1,
657 228 670 292 q
688 229 800 282 θεῖ-66.
1262 219 1305 284 65

20 449 21 454 ’
109 439 250 522 quinque
274 438 446 502 errantium
462 445 567 502 motus
582 434 616 500 in
631 435 802 521 sphaeram
813 433 970 518 inligavit,
987 430 1093 498 effecit
1108 429 1202 510 idem,
1220 429 1304 512 quod

107 543 170 623 ille,
189 542 243 624 qui
260 542 292 605 in
307 541 440 606 'limace
456 541 610 606 mundum
625 539 815 618 aedificavit,
839 537 982 604 Platonis
998 535 1088 620 deus,
1104 543 1139 600 ut
1154 533 1304 600 tarditate

27 676 32 688 ·
109 655 141 711 et
165 644 329 710 celeritate
353 645 584 710 dissimillimos
606 651 712 710 motus
735 663 800 708 una
821 649 950 726 regeret
984 639 1162 708 conversio,
1209 638 1304 716 Quod

20 767 22 806 7
107 749 184 814 siin
201 747 481 814 hocmundolieri
498 749 567 814 sine
586 749 647 813 deo
670 769 733 813 non
756 755 872 833 potest,
897 767 937 811 ne
960 746 992 810 in
1016 745 1154 831 sphaera
1177 742 1305 827 quidem

20 887 24 912 s
106 853 239 918 eosdem
264 861 369 918 motus
386 851 594 919 Archimedes
618 853 686 918 sine
710 851 819 918 divino
842 851 974 934 ingenio
996 849 1157 934 potuisset
1178 847 1304 912 imitari.

216 975 296 1038 Mihi
320 995 396 1039 vero
419 995 459 1040 ne
482 974 563 1039 haec
586 973 717 1057 quidem
739 973 866 1039 notiora
889 979 921 1037 et
937 972 1122 1038 inlustriora
1144 991 1254 1037 carere
1270 970 1302 1036 vi
1321 981 1355 1032 64

108 1079 221 1144 divina
242 1078 400 1159 videntur,
425 1087 459 1143 ut
483 1099 544 1161 ego
568 1086 623 1144 aut
653 1084 780 1163 poetam
815 1098 915 1161 grave
949 1077 1142 1161 plenumque
1176 1095 1305 1141 carmen

108 1185 181 1250 sine
205 1185 334 1249 caelesti
358 1186 466 1266 aliquo
488 1184 606 1248 mentis
640 1183 796 1247 instinctu
829 1189 939 1266 putem
972 1180 1117 1262 fundere,
1152 1187 1208 1245 aut
1244 1180 1306 1245 elo·

21 1331 22 1334 =
109 1289 275 1370 quantiam
299 1289 367 1353 sine
390 1289 510 1353 maiore
533 1287 673 1371 quadam
694 1288 725 1352 vi
749 1285 848 1352 {luere
871 1285 1085 1350 abundantem
1117 1285 1305 1350 sonantibus

109 1392 220 1458 verbis
242 1391 456 1474 uberibusque
480 1392 655 1458 sententiis.
700 1391 908 1476 Philosophia
930 1411 1017 1469 vero,
1040 1389 1180 1454 omnium
1203 1395 1305 1454 mater

109 1497 237 1576 artium,
263 1494 341 1578 quid
364 1503 413 1561 θεῖ
435 1497 522 1562 aliud
544 1497 615 1577 nisi,
640 1503 675 1561 ut
697 1495 798 1576 Plato,
823 1495 949 1575 donum,
973 1503 1008 1559 ut
1031 1515 1102 1578 ego,
1138 1493 1305 1558 inventum

107 1602 268 1666 deorum?
292 1601 382 1665 Haec
405 1619 463 1666 nos
485 1601 625 1686 primum
648 1600 691 1665 ad
714 1600 841 1664 illorum
871 1599 1001 1678 cultum,
1033 1597 1151 1664 deinde
1182 1597 1225 1662 ad
1255 1597 1304 1663 ius

108 1705 283 1786 hominum,
309 1706 395 1788 quod
419 1706 514 1772 situm
538 1705 643 1771 estin
667 1706 795 1788 generis
818 1705 948 1770 humani
972 1704 1136 1786 societate,
1171 1711 1238 1768 tum
1261 1703 1304 1768 ad

108 1809 300 1874 modestiam
323 1809 639 1894 magnitudinemque
662 1809 760 1874 animi
783 1809 930 1888 erudivit,
962 1809 1137 1891 eademque
1168 1809 1209 1873 ab
1239 1809 1304 1874 ani-

108 1935 162 1978 mo
186 1922 349 1997 tamquam
372 1915 413 1979 ab
437 1915 538 1981 oeulis
562 1914 735 1997 caliginem
757 1913 900 1998 dispulit,
925 1921 959 1978 ut
982 1914 1089 1980 omnia
1119 1933 1236 2000 supera
1258 1915 1303 1978 in-

108 2019 188 2098 fera,
212 2019 315 2104 prima
338 2019 449 2083 ultima
472 2018 578 2083 media
600 2018 790 2084 videremus.
837 2018 971 2092 Prorsus
994 2017 1075 2084 haec
1091 2019 1200 2084 divina
1222 2017 1300 2082 mihi
1320 2025 1354 2076 65

20 2169 21 2174 1
107 2123 237 2188 videtur
259 2125 316 2204 vis,
342 2145 424 2206 quae
446 2130 493 2188 tot
515 2143 567 2189 res
590 2121 709 2188 efficiat
733 2131 764 2188 et
787 2130 902 2188 tantas.
952 2122 1037 2199 Quid
1060 2131 1109 2188 est
1133 2123 1216 2188 enim
1240 2143 1303 2186 me·

108 2227 210 2292 moria
232 2248 338 2293 rerum
361 2235 393 2294 et
416 2228 611 2294 verborum?
635 2227 712 2310 quid
743 2247 837 2312 porro
871 2227 1039 2292 inventio?
1073 2227 1223 2292 Profecto
1239 2275 1241 2284 ‚
1257 2227 1301 2307 id,

20 2383 21 2386 ,
107 2350 236 2412 quone
262 2331 293 2396 in
318 2331 378 2396 deo
402 2333 529 2415 quidem
552 2332 723 2414 quicquam
746 2332 848 2396 maius
878 2331 1024 2413 intellegi
1057 2337 1171 2415 potest.
1228 2330 1302 2396 Non

106 2433 194 2500 enim
216 2435 377 2500 ambrosia
395 2436 474 2502 deos
497 2443 552 2500 aut
567 2443 696 2501 nectare
720 2443 775 2500 aut
791 2437 958 2500 Iuventate
973 2437 1088 2520 pocula
1103 2435 1302 2501 ministrante

106 2540 222 2604 laetari
246 2539 389 2621 arbitror,
414 2562 473 2606 nec
496 2542 671 2606 Homerum
700 2541 806 2621 audio,
839 2542 893 2626 qui
923 2540 1145 2626 Ganymedem
1180 2541 1220 2606 ab
1251 2541 1301 2607 dis

106 2651 236 2727 raptum
259 2643 304 2709 ait
326 2652 454 2730 propter
476 2646 621 2725 formam,
644 2653 678 2710 ut
700 2645 770 2710 lovi
785 2645 896 2710 bibere
913 2645 1116 2725 ministraret,
1140 2665 1203 2711 non
1219 2645 1303 2712 iusta

107 2767 214 2828 causa,
235 2768 296 2812 cur
317 2749 527 2815 Laomedonti
550 2757 640 2815 tanta
662 2748 752 2815 fieret
774 2750 898 2815 iniuria.
944 2749 1105 2832 Fingebat
1135 2751 1215 2815 haec
1238 2751 1302 2816 Hc·

107 2871 217 2918 merus
241 2857 272 2916 et
295 2852 436 2917 humana
459 2853 501 2918 ad
524 2853 602 2919 deos
626 2854 842 2919 transferebat
849 2877 858 2943 3
883 2851 992 2918 divina
1015 2856 1143 2918 mallem
1167 2853 1209 2918 ad
1231 2875 1299 2920 nos.

108 2956 201 3032 Quae
223 2963 331 3020 autern
354 2957 486 3023 divina?
509 2958 637 3041 Vigere,
661 2977 785 3042 sapere,
808 2958 963 3037 invenire,
987 2959 1180 3024 meminisse.
1216 2959 1302 3042 Ergo

107 3061 234 3125 animus
258 3061 398 3144 quidem,
422 3069 457 3127 ut
479 3083 539 3146 ego
563 3062 645 3141 dico,
669 3063 796 3128 divinus
827 3069 884 3144 est,
920 3070 955 3127 ut
988 3061 1159 3147 Euripides
1194 3063 1300 3129 dicere

108 3163 217 3246 audet,
241 3165 329 3243 deus,
353 3167 548 3249 etquidem,
572 3168 600 3232 si
624 3167 703 3232 deus
726 3174 780 3232 aut
804 3167 911 3231 anima
933 3173 988 3231 aut
1012 3167 1095 3249 ignis
1126 3173 1183 3247 est,
1215 3167 1300 3232 idem

108 3275 158 3334 est
180 3268 304 3334 animus
329 3270 474 3336 hominis.
522 3272 606 3336 Nam
629 3278 664 3334 ut
686 3271 742 3335 illa
757 3277 870 3336 natuua
886 3271 1035 3337 caelestis
1060 3277 1092 3335 et
1106 3277 1192 3336 terra
1207 3281 1301 3338 vacat

107 3380 140 3436 et
162 3391 282 3451 umore,
306 3374 362 3439 sic·
376 3371 538 3456 utriusque
562 3375 674 3439 harum
698 3395 801 3439 rerum
824 3375 982 3440 humanus
1013 3375 1138 3440 animus
1168 3383 1216 3441 est
1247 3397 1300 3442 ex·

107 3498 190 3562 pers.
239 3479 295 3544 Sin
317 3486 424 3544 autem
447 3486 497 3544 est
520 3480 633 3562 quinta
656 3479 814 3562 quaedam
836 3487 961 3560 natura,
985 3480 1026 3546 ab
1049 3479 1224 3546 Aristotele
1255 3482 1298 3546 in-

107 3583 204 3648 dlicta
212 3583 359 3667 primum,
370 3583 450 3648 haec
459 3590 491 3648 et
498 3583 630 3648 deorum
638 3592 687 3649 est
699 3592 730 3649 et
743 3584 926 3649 animorum.
942 3585 1099 3650 Hancnos
1108 3587 1299 3652 sententiam

107 3687 208 3752 secuti
242 3686 292 3752 his
330 3688 409 3772 ipsis
444 3688 551 3753 verbis
585 3688 616 3753 in
651 3688 876 3754 Consolatione
917 3689 977 3754 hoc
1022 3690 1255 3775 expressimus:

136 3853 138 3860 ,
208 3810 408 3874 ‘Animorum
430 3811 518 3874 nulla
551 3810 582 3873 in
616 3810 710 3874 terris
740 3811 830 3894 origo
864 3811 1001 3876 inveniri
1035 3818 1150 3896 potest.
1208 3811 1296 3877 Nihil
1315 3827 1348 3879 66

109 3913 193 3977 enim
217 3919 267 3978 est
289 3914 322 3977 in
345 3913 458 3979 animis
482 3913 616 3979 mixtum
639 3922 735 3998 atque
758 3928 948 4002 concretum,
974 3923 1029 3979 aut
1053 3917 1135 3996 qnod
1159 3937 1198 3980 ex
1215 3923 1299 3984 terra

160 4035 300 4083 Schiche,
314 4037 361 4076 Ana
376 4036 467 4076 Ciceros
483 4037 679 4086 philosophlschen
695 4035 815 4076 Schrlften.
1163 4041 1178 4090 5
