2986 4334
637 201 657 264 1,
677 197 691 262 ᾖ
710 202 783 252 1-6.
1265 197 1308 260 55

16 381 18 414 ²
114 407 314 492 provinciam
337 411 449 492 politas
473 405 634 483 duxisset;
658 405 793 470 duxerat
814 413 921 470 autem
945 403 1055 470 consul
1080 403 1133 470 ille
1157 403 1189 468 in
1213 407 1306 469 Aeto·

112 511 197 592 liam,
222 517 258 575 ut
281 510 410 590 scimus,
425 509 572 575 linnium.
619 508 690 586 Quo
714 509 818 576 minus
834 508 933 592 igitur
947 507 1077 576 honoris
1100 519 1169 578 erat
1192 511 1306 594 postis,

112 636 149 680 eo
176 613 300 680 minora
323 615 430 680 studia
452 612 588 690 fuerunt,
614 632 671 678 nec
695 621 811 692 tamem
837 614 862 677 si
887 613 942 695 qui
964 615 1091 696 magnis
1114 613 1250 699 ingeniis
1274 615 1307 679 in

112 739 150 784 eo
175 739 296 802 genere
319 718 502 798 extiterunt,
526 737 587 780 non
612 717 689 782 satis
706 717 897 782 Graecorum
922 717 1042 800 gloriae
1065 715 1307 804 responderunt.

112 826 164 889 An
188 843 367 901 censemus,
392 823 419 888 si
443 822 552 903 Fabio,
577 821 775 888 nobilissimo
799 819 926 902 homini,
958 821 1045 887 laudi
1069 821 1179 888 datum
1210 827 1305 902 esset,
1325 832 1341 880 4

112 929 201 1010 quod
224 929 381 1014 pingeret,
406 947 468 992 non
492 926 609 991 multos
631 927 727 990 etiam
760 925 847 1010 apud
882 944 939 990 nos
973 923 1096 991 futuros
1130 925 1306 1010 Polyclitos

111 1037 144 1097 et
169 1030 357 1096 Parrhasios
382 1031 509 1096 fuisse?
545 1031 655 1095 Honos
678 1029 736 1094 alit
769 1037 864 1110 artes,
889 1049 1062 1113 omnesque
1097 1029 1307 1096 incenduntur

111 1135 155 1200 ad
180 1136 285 1201 studia
308 1135 422 1218 gloria,
446 1135 616 1218 iacentque
640 1155 679 1200 ea
702 1153 837 1220 semper,
862 1153 944 1216 quae
967 1133 1055 1218 apud
1085 1153 1228 1220 quosque
1252 1135 1307 1200 im-

112 1241 296 1325 probantur.
354 1239 515 1306 Summam
547 1238 757 1304 eruditionem
791 1238 904 1303 Graeci
939 1239 1033 1302 sitam
1068 1239 1241 1304 censebant
1274 1239 1306 1302 in

112 1363 285 1410 nervorum
310 1363 487 1426 vocumque
511 1341 674 1426 cantibus3
701 1343 797 1425 igitur
820 1351 852 1406 et
885 1341 1133 1428 Epaminondas,
1157 1343 1306 1428 princeps

113 1469 186 1514 meo
211 1447 330 1512 iudicio
353 1446 519 1526 Graeciae,
543 1446 659 1512 fidibus
684 1447 848 1531 praeclare
872 1447 1026 1512 cecinisse
1050 1445 1167 1512 dicitur
1180 1444 1307 1511 Themi-

113 1553 296 1635 stoclesque
319 1551 442 1636 aliquot
464 1557 539 1618 ante
570 1571 680 1632 annos,
713 1571 784 1618 cum
809 1552 839 1614 in
865 1551 967 1636 epulis
996 1559 1160 1616 recusaret
1193 1551 1305 1636 lyram.

113 1665 164 1722 est
187 1655 316 1722 habitus
341 1655 505 1722 indoctior.
552 1656 636 1738 Ergo
660 1655 693 1718 in
725 1655 860 1722 Graecia
894 1655 1006 1720 musici
1045 1654 1228 1736 floruerunt,
1264 1655 1307 1719 di-

113 1761 312 1844 scebantque
334 1759 369 1826 id
391 1781 511 1840 omnes,
535 1781 604 1839 nec,
629 1761 683 1843 qui
699 1761 872 1844 nesciebat,
897 1761 973 1828 satis
998 1761 1142 1826 excultus
1165 1761 1308 1827 doctrina

114 1865 297 1952 putabatur.
343 1867 379 1930 In
404 1886 527 1932 summo
549 1867 635 1952 apud
657 1867 730 1932 illos
753 1867 872 1932 honore
896 1867 1073 1950 geometria
1095 1866 1164 1946 fuit,
1199 1867 1306 1948 itaque
1325 1885 1341 1938 6

112 1970 195 2036 nihil
211 1971 447 2036 mathematicis
459 1972 641 2056 inlustrius3
666 1980 700 2038 at
713 1991 772 2037 nos
785 1971 937 2037 metiendi
950 1970 1225 2054 ratiocinandique
1248 1971 1306 2034 nti-

113 2077 205 2142 litate
229 2075 322 2142 huius
355 2078 433 2142 artis
469 2077 710 2144 terminavimus
744 2075 882 2141 modum.
941 2077 984 2140 At
1007 2083 1117 2141 contra
1150 2081 1307 2140 oratorem

115 2180 263 2246 celeriter
285 2181 445 2264 complexi
461 2201 579 2260 sumus,
596 2201 656 2248 nec
679 2201 751 2247 eum
767 2182 869 2267 primo
885 2181 1056 2265 eruditum,
1073 2188 1183 2266 aptum
1199 2187 1305 2246 tamen

114 2285 157 2350 ad
181 2284 363 2365 dicendum,
388 2291 462 2371 post
484 2293 593 2351 autem
616 2286 784 2351 eruditum.
833 2287 915 2350 Nam
940 2285 1085 2367 Galbam,
1109 2284 1304 2365 Africanum,

113 2388 260 2454 Laelium
284 2389 395 2454 doctos
418 2389 519 2456 fuisse
541 2387 692 2454 traditum
716 2396 774 2472 est,
799 2389 976 2455 studiosum
1000 2397 1107 2454 autem
1138 2409 1219 2472 eum,
1252 2391 1306 2472 qui

114 2494 165 2559 his
197 2501 303 2560 aetate
337 2494 489 2576 anteibat,
514 2493 675 2576 Catonem,
709 2500 783 2580 post
816 2514 892 2560 vero
916 2493 1081 2579 Lepidum,
1119 2494 1307 2574 Carbonem,

114 2598 288 2681 Gracchos,
311 2598 387 2664 inde
410 2598 456 2664 ita
478 2618 611 2684 magnos
634 2606 775 2664 nostram
798 2597 841 2664 ad
863 2605 1011 2679 aetatem,
1034 2607 1071 2664 ut
1091 2620 1155 2664 non
1171 2599 1307 2663 multum

114 2711 172 2768 ant
194 2702 273 2768 nihil
297 2703 426 2769 omnino
451 2703 583 2770 Graecis
605 2704 781 2770 cederetur.
834 2703 1041 2790 Philosophia
1074 2703 1172 2769 iacuit
1206 2722 1307 2787 usque

115 2806 157 2870 nd
180 2808 265 2898 hanc
287 2815 426 2873 aetatem
449 2829 508 2874 nec
532 2807 632 2873 ullum
654 2805 766 2873 habuit
789 2809 894 2874 lumen
917 2807 1096 2874 litterarum
1107 2807 1304 2892 Latinarum;

115 2933 198 2995 quae
221 2911 422 2978 inlustranda
444 2921 476 2977 et
500 2913 671 2978 excitanda
693 2913 787 2979 nobis
811 2920 869 2993 est,
894 2921 937 2994 ut,
962 2913 991 2978 si
1021 2914 1166 3000 occupati
1189 2911 1307 2998 profui-

114 3036 184 3082 mus
208 3016 328 3099 aliquid
352 3017 476 3082 civibus
499 3017 624 3098 nostris,
650 3018 807 3102 prosimus
821 3019 928 3100 etiarn,
952 3019 980 3086 si
996 3038 1176 3104 possumus,
1202 3019 1304 3082 otiosi.

114 3121 152 3186 In
183 3142 245 3204 quo
277 3143 314 3187 eo
346 3123 449 3206 magis
474 3123 567 3188 nobis
590 3129 639 3188 est
663 3123 900 3204 elaborandum,
926 3123 1011 3206 quod
1034 3123 1125 3188 multi
1147 3123 1210 3187 iam
1234 3141 1339 3192 esses

114 3225 189 3290 libri
211 3225 316 3292 Latini
339 3225 488 3292 dicuntur
511 3228 622 3312 scripti
637 3227 872 3292 inconsiderate
895 3229 935 3293 ab
952 3228 1080 3314 optimis
1095 3227 1159 3292 illis
1179 3227 1307 3310 quidem

114 3329 204 3412 viris,
228 3331 371 3397 sednon
396 3332 473 3397 satis
497 3331 638 3397 eruditis.
691 3331 775 3396 Fieri
798 3339 905 3397 autem
927 3338 1043 3418 potest,
1068 3337 1103 3396 ut
1125 3336 1213 3396 recte
1236 3334 1306 3416 quis

116 3434 232 3500 sentiat
255 3443 287 3501 et
310 3435 353 3518 id,
377 3435 463 3520 quod
487 3436 591 3517 sentit,
616 3435 714 3520 polite
731 3436 837 3518 eloqui
860 3457 922 3501 non
938 3435 1057 3520 possit3
1082 3435 1140 3500 sed
1155 3434 1306 3501 mandare

115 3559 308 3624 quemquam
331 3540 446 3606 litteris
470 3540 679 3624 cogitationes
704 3560 787 3621 snas,
813 3540 866 3623 qui
889 3557 943 3606 eas
973 3559 1032 3605 nse
1055 3539 1225 3625 disponere
1248 3561 1307 3607 nec

115 3641 287 3709 inlustrare
310 3644 412 3729 possit
434 3665 492 3709 neo
516 3643 729 3709 delectatione
753 3643 863 3726 aliqua
885 3643 1024 3709 adlicere
1058 3643 1220 3724 lectorem,
1255 3644 1306 3710 ho·

117 3747 213 3814 minis
236 3755 286 3814 est
307 3750 559 3837 intemperanter
589 3748 751 3815 abutentis
785 3757 817 3814 et
847 3749 911 3814 ctio
946 3756 978 3814 et
1011 3749 1135 3816 litteris.
1193 3749 1306 3830 Itaque

117 3871 192 3918 suos
217 3853 315 3918 libros
339 3853 400 3939 ipsi
423 3855 536 3936 legunt
559 3873 630 3918 cum
654 3855 730 3935 suis,
755 3873 814 3918 nec
837 3855 1006 3938 quisquam
1030 3853 1157 3936 attingit
1179 3859 1307 3938 praeter
