2986 4334
219 259 262 320 62
671 258 774 323 Disput.
794 255 950 308 Tusculanae

219 501 236 546 e
259 481 416 566 principio
440 481 582 545 oriuntur
604 481 717 562 omnia,
741 481 844 565 ipsum
867 487 974 545 sutem
998 477 1087 543 nulla
1118 499 1156 542 ex
1179 498 1214 542 re
1237 479 1302 542 alia
1324 478 1410 544 nasei

219 593 340 670 potest;
365 605 425 651 nec
448 585 532 650 enim
556 585 642 650 θεεθῖ
664 583 697 650 id
719 583 919 670 principium,
944 583 1030 664 quod
1060 583 1248 667 gigneretur
1270 583 1409 646 aliunde.

219 688 362 766 Quodsi
397 709 571 772 numquam
594 688 702 768 oritur,
740 709 780 753 ne
815 687 931 754 occidit
966 687 1096 769 quidem
1134 706 1304 770 umquam3
1325 710 1411 751 nam

219 794 410 879 principium
433 793 607 859 extinctum
630 814 689 858 nec
711 795 816 878 ipsum
838 793 879 856 ab
914 792 978 856 alio
1012 800 1197 857 renascetur
1230 811 1290 856 nec
1315 811 1411 856 exse

220 897 306 962 aliud
330 897 458 978 creabit,
483 897 640 980 siquidem
662 917 796 962 necesse
819 903 867 961 θεῖ
889 918 909 960 a
931 897 1086 981 principio
1110 895 1317 959 oririomnia.
1365 896 1414 959 lta

219 1001 262 1080 lit,
288 1009 322 1066 ut
344 1010 448 1068 motus
472 1001 662 1086 principium
686 1022 726 1065 ex
749 1021 787 1066 co
812 1003 862 1081 sit,
887 1000 973 1082 quod
996 1002 1101 1084 ipsum
1125 1021 1145 1062 a
1178 1019 1212 1065 se
1247 1007 1411 1082 movetur,

219 1107 252 1170 id
275 1089 381 1171 autem
404 1127 463 1170 nee
487 1106 576 1170 nasci
600 1111 706 1189 potest
728 1123 788 1168 nec
811 1108 899 1184 mori,
924 1105 975 1168 vel
999 1103 1146 1168 concidat
1169 1123 1263 1168 omne
1287 1106 1413 1168 eaelum

220 1211 384 1292 omnisque
407 1218 521 1275 natura
544 1217 575 1275 et
591 1209 743 1274 consistat
767 1229 898 1274 neccsse
922 1215 1052 1273 estnec
1076 1209 1140 1272 vim
1174 1207 1274 1272 ullam
1305 1212 1412 1273 nanoi-

220 1323 333 1397 ocatur,
360 1335 423 1399 qua
445 1337 465 1379 a
488 1317 589 1399 primo
613 1315 752 1398 impulsa
767 1321 942 1378 moveatur.
974 1312 1052 1378 Cum
1076 1319 1185 1398 pateat
1201 1313 1300 1396 igitur
1315 1319 1415 1379 aeter·

220 1441 296 1484 num
319 1419 352 1483 id
377 1440 458 1500 esse,
482 1419 569 1502 quod
591 1438 626 1484 se
649 1419 754 1502 ipsum
777 1425 914 1498 moveat,
951 1419 1022 1502 quis
1046 1425 1103 1498 est,
1128 1419 1183 1499 qui
1206 1418 1292 1484 hano
1326 1426 1415 1484 natu·
1488 1409 1489 1470 ἕ

217 1547 287 1588 ram
310 1525 425 1588 animis
448 1544 518 1589 esse
552 1523 702 1588 tributam
737 1521 859 1606 neget?
894 1523 1072 1586 Inanimum
1108 1529 1157 1588 est
1191 1522 1275 1588 enim
1310 1545 1414 1602 omne,

221 1629 305 1711 quod
328 1629 422 1712 pulsu
445 1629 585 1709 agitatur
608 1635 750 1706 externo,
774 1627 859 1708 quod
881 1634 989 1691 autern
1013 1615 1061 1691 θεῖ
1095 1627 1222 1707 animal,
1256 1627 1289 1690 id
1324 1635 1415 1692 motu
1488 1689 1489 1694 ,

221 1733 323 1797 cietur
345 1729 496 1796 interiore
519 1738 551 1795 et
573 1751 647 1814 suo,
671 1753 745 1796 nam
768 1729 847 1796 haee
871 1737 919 1796 est
942 1731 1074 1817 propria
1096 1737 1211 1796 natura
1241 1731 1339 1795 animi
1371 1739 1416 1796 at·
1488 1701 1489 1770 l

223 1857 284 1919 que
306 1838 365 1900 vis.
413 1835 502 1912 Quae
526 1836 551 1900 si
577 1842 624 1899 est
648 1857 712 1900 una
735 1856 774 1898 ex
797 1836 953 1916 omnibus,
986 1855 1067 1916 quae
1102 1855 1137 1900 se
1170 1836 1242 1920 ipsa
1275 1839 1413 1916 moveat,

171 1954 327 2022 sorteque
350 1947 426 2004 nata
449 1947 534 2005 certe
558 1947 606 2004 θεῖ
630 1946 661 2003 θῖ
683 1946 813 2004 aeterna
836 1942 904 2004 θεῖ’.
962 1939 1051 2004 Licet
1085 1947 1270 2006 concurrant
1303 1959 1415 2005 omnes
1488 1943 1489 1956 ¹

221 2046 340 2129 plebeii
363 2043 546 2129 philosophi
572 2043 632 2128 (sio
655 2043 740 2109 enim
762 2045 793 2124 ii,
820 2045 873 2128 qui
897 2067 916 2108 a
939 2045 1071 2110 Platone
1095 2051 1126 2108 et
1150 2044 1281 2110 Socrate
1312 2051 1344 2108 et
1374 2044 1415 2107 ab

222 2173 261 2214 ea
282 2149 407 2214 familia
430 2147 596 2229 dissident,
620 2148 806 2232 appellandi
828 2149 1000 2233 videntur),
1023 2169 1086 2212 non
1109 2148 1203 2213 modo
1233 2148 1314 2213 nihil
1348 2169 1416 2212 um-

223 2261 404 2336 quamtum
439 2253 603 2335 eleganter
635 2249 851 2336 explicabunt,
887 2253 945 2318 sed
979 2275 1018 2318 ne
1052 2251 1112 2318 hoc
1147 2251 1275 2335 quidem
1308 2252 1416 2336 ipsum
1488 2259 1489 2304 1

223 2377 320 2439 quam
344 2357 503 2423 subtiliter
526 2358 710 2422 conclusum
733 2357 782 2437 sit,
806 2357 1005 2440 intellegent.
1052 2357 1155 2421 Sentit
1169 2357 1268 2441 igitur
1289 2359 1416 2422 animus
1488 2357 1489 2406 ἵ

224 2481 258 2526 εθ
282 2462 417 2544 moveri;
444 2460 623 2544 quodcum
647 2461 751 2542 sentit,
775 2461 856 2526 illud
880 2482 944 2525 una
977 2460 1082 2541 sentit,
1118 2481 1152 2525 se
1186 2459 1217 2524 vi
1252 2481 1318 2540 sua,
1355 2481 1418 2524 non
1488 2445 1489 2512 ἶ

225 2567 332 2628 aliena
355 2565 485 2645 moveri,
509 2583 569 2629 nec
592 2565 739 2629 accidere
762 2585 868 2649 posse,
891 2573 926 2629 ut
947 2565 1016 2650 ipse
1039 2585 1190 2650 umquam
1213 2588 1233 2629 a
1249 2563 1298 2630 'se
1329 2563 1419 2631 dese·
1488 2581 1489 2656 p

225 2677 322 2732 ratur.
368 2667 417 2730 En
441 2688 502 2750 quo
525 2667 661 2733 efficitur
683 2669 865 2754 aeternitas,
888 2669 947 2734 nisi
971 2669 1048 2751 quid
1072 2669 1172 2735 habes
1195 2669 1349 2734 adhaec.

333 2781 403 2864 Ego
427 2801 503 2844 vero
526 2779 624 2845 facile
648 2801 717 2846 sum
740 2802 917 2866 passusne
951 2782 984 2846 in
1007 2789 1148 2848 mentem
1178 2782 1307 2866 quidem
1337 2783 1419 2846 mihi
1488 2769 1489 2808 ³

228 2885 349 2966 aliquid
372 2890 483 2950 contra
503 2883 627 2962 venire3
651 2885 695 2948 ita
718 2885 770 2950 isti
793 2887 886 2952 faveo
910 2887 1098 2951 sententiae.
1488 2865 1489 2880 l

173 3015 209 3068 56
334 2987 441 3065 Quid?
464 2988 520 3051 illa
542 2987 671 3052 tandem
694 3010 768 3054 num
790 2990 911 3056 leviora
935 3011 1053 3072 censes,
1079 3013 1162 3075 quae
1186 2989 1352 3056 declarant
1375 2995 1419 3055 in-

228 3113 298 3158 esse
322 3093 354 3156 in
377 3093 491 3157 animis
525 3092 687 3156 hominum
719 3092 826 3159 divina
860 3095 1040 3176 quaedam?
1076 3116 1159 3179 quae
1193 3095 1220 3159 si
1254 3115 1419 3160 cernerem

229 3219 322 3279 quem
345 3196 538 3262 admodum
561 3199 650 3262 nasci
673 3207 811 3282 possent,
836 3201 932 3264 etiam
955 3219 1049 3281 quem
1079 3200 1121 3265 ad
1151 3199 1279 3264 modum
1313 3199 1421 3264 interi-

229 3308 300 3366 rent
322 3302 474 3366 viderem.
520 3301 604 3366 Nam
627 3303 826 3386 sanguinem,
850 3303 958 3383 bilem,
981 3304 1138 3389 pituitam,
1175 3323 1258 3384 ossa,
1293 3324 1419 3386 nervos

229 3425 338 3485 venas,
364 3427 489 3471 omnem
513 3406 651 3488 deniquo
684 3408 895 3495 membrorum
919 3415 951 3473 et
973 3411 1071 3473 totius
1106 3408 1247 3493 corporis
1282 3407 1418 3491 figuram

230 3510 341 3574 videor
363 3527 459 3594 posse
483 3510 598 3590 dicere,
634 3512 721 3578 unde
743 3517 892 3577 concreta
927 3519 958 3576 et
993 3533 1054 3595 quo
1088 3512 1182 3578 modo
1217 3512 1305 3577 facta
1339 3514 1417 3578 sint:

231 3613 370 3678 animum
393 3615 497 3698 ipsum
521 3653 572 3695 —,
597 3616 623 3679 si
646 3616 728 3679 nihil
751 3623 835 3681 esset
857 3615 890 3680 in
914 3638 951 3682 eo
976 3617 1037 3682 nisi
1059 3617 1102 3696 id,
1125 3625 1161 3682 ut
1190 3637 1248 3700 per
1271 3638 1343 3681 eum
1377 3619 1419 3682 vi·

232 3737 390 3799 veremus,
415 3725 479 3782 tam
503 3726 615 3784 natura
646 3725 790 3804 putarem
823 3719 963 3785 hominis
985 3721 1084 3786 vitam
1119 3721 1290 3786 sustentari
1326 3742 1421 3803 quam

234 3822 319 3902 vitis,
341 3841 437 3903 quam
460 3822 598 3905 arboris;
622 3823 705 3888 hacc
727 3825 810 3888 enim
833 3825 929 3889 etiam
953 3824 1090 3890 dicimus
1112 3826 1229 3890 vivere.
1284 3825 1363 3890 Item
1393 3831 1420 3892 si

232 3926 311 3992 nihil
333 3925 466 3992 haberet
488 3927 612 3993 animus
636 3927 780 4008 hominis,
805 3929 867 3994 nisi
889 3938 924 3994 ut
946 3929 1113 4014 adpeteret
1142 3937 1197 3994 aut
1227 3931 1361 4013 fugeret,
1384 3926 1418 3996 id
