2986 4334
548 224 588 272 De
605 238 631 270 re
650 223 750 287 publica
768 223 788 280 1,
807 223 882 275 5—7.

114 433 343 514 Adiunguntur
377 431 519 516 pericula
553 431 649 510 vitae,
683 431 850 515 turpisque
880 430 921 494 ab
951 429 1001 496 his
1032 428 1168 493 formido
1182 420 1310 494 'mortis

108 537 244 602 fortibus
267 537 345 602 viris
368 536 548 621 opponitur,
583 534 699 618 quibus
728 534 834 618 magis
856 532 891 598 id
913 533 1064 598 misorum
1087 532 1189 599 videri
1214 533 1306 614 solet,

108 648 225 706 natura
255 659 290 706 se
321 639 465 705 consumi
499 646 531 704 et
562 644 738 720 senectute,
774 657 869 721 quam
900 636 962 703 sibi
993 638 1064 702 dari
1095 645 1231 722 tempus,
1272 647 1308 702 ut

111 744 236 829 possint
266 765 338 810 eam
367 744 478 823 vitam,
512 763 595 826 quae
624 749 732 808 tamen
755 749 842 808 esset
871 741 1036 807 reddenda
1066 748 1209 824 naturae,
1250 762 1307 826 pro

112 849 217 934 patria
240 848 439 933 potissimum
464 847 607 914 reddere.
660 847 720 911 lllo
743 866 869 912 verosa
892 846 962 911 loco
985 847 1133 931 copiosos
1157 853 1189 910 et
1210 846 1308 911 diser-

111 962 163 1019 tos
186 959 305 1039 putant,
338 973 409 1018 cum
433 953 632 1018 calamitates
662 950 912 1017 clarissimorum
940 952 1080 1016 virorum
1109 951 1305 1034 iniuriasque

110 1060 151 1123 iis
181 1059 222 1123 ab
252 1055 388 1142 ingratis
417 1057 584 1142 impositas
607 1056 730 1122 civibus
761 1055 926 1138 colligunt.
972 1057 1055 1122 Hinc
1078 1055 1162 1120 onim
1196 1055 1250 1120 illa
1273 1060 1340 1120 eto

110 1163 198 1249 apud
221 1163 362 1228 Graecos
385 1161 544 1247 exempla,
571 1161 756 1242 Miltiadem,
780 1160 934 1226 victorem
957 1159 1210 1242 domitoremque
1233 1161 1306 1226 Per-

113 1287 230 1348 sarum,
255 1265 396 1331 nondum
420 1263 541 1331 sanatis
564 1265 748 1331 volneribus
770 1265 819 1344 iis,
852 1284 933 1347 quae
957 1285 1089 1349 corpore
1112 1264 1249 1330 adverso
1272 1265 1306 1328 in

109 1370 288 1437 clarissima
317 1366 453 1435 victoria
475 1369 662 1452 accepisset,
694 1369 795 1434 vitam
819 1389 859 1433 ex
881 1367 1020 1434 hostium
1050 1369 1123 1435 telis
1146 1375 1305 1436 servatam

108 1475 142 1539 in
165 1473 282 1540 civium
305 1473 419 1540 vinclis
435 1471 627 1558 profudisse,
654 1479 685 1538 et
699 1472 947 1538 Themistoclem
970 1472 1084 1558 patria,
1110 1493 1206 1556 quam
1228 1473 1305 1540 libe·

107 1579 255 1657 ravisset,
286 1579 414 1662 pulsum
437 1585 534 1660 atque
563 1578 765 1662 proterritum
786 1597 850 1642 non
879 1577 911 1641 in
936 1575 1089 1642 Graeciae
1112 1584 1224 1663 portus
1247 1599 1305 1663 per

106 1703 143 1748 se
167 1687 321 1767 servatos,
344 1681 403 1748 sed
425 1682 458 1746 in
474 1681 644 1748 herbariae
668 1681 755 1747 sinus
780 1681 972 1765 confugisse,
998 1701 1093 1763 quam
1117 1680 1301 1766 adflixerat,

106 1807 167 1853 nec
189 1806 266 1854 vero
299 1785 438 1854 levitatis
463 1786 705 1852 Atheniensium
740 1786 997 1870 crudelitatisque
1032 1787 1065 1852 in
1088 1788 1303 1874 amplissimos

105 1893 195 1958 cives
218 1891 366 1976 exempla
399 1891 568 1974 deficiunt3
604 1911 686 1976 quae
709 1899 787 1958 nata
820 1899 853 1958 et
886 1891 1088 1975 frequentata
1121 1893 1208 1978 apud
1230 1893 1301 1959 illos

103 1997 203 2062 etiam
236 1997 269 2061 in
310 1995 533 2078 gravissimam
568 1997 728 2062 civitatem
771 2003 914 2064 nostram
949 1996 1058 2063 dicunt
1095 1997 1337 2068 redundasseo

104 2103 189 2166 Nam
205 2101 259 2166 vel
281 2100 412 2166 exilium
436 2098 563 2166 Camilli
585 2101 637 2166 vel
661 2099 793 2166 offensio
816 2109 1082 2168 commemoratur
1104 2103 1226 2170 Ahalae
1250 2105 1301 2170 vel

104 2204 229 2272 invidia
251 2207 389 2272 Nasicae
413 2206 464 2271 vel
494 2204 641 2290 expulsio
664 2204 815 2270 Laenatis
845 2207 897 2270 vel
921 2205 1039 2290 Opimii
1062 2207 1227 2273 damnatio
1250 2210 1301 2274 vel

105 2312 189 2395 fuga
212 2311 331 2377 Metelli
355 2312 406 2376 vel
430 2310 638 2376 acerbissima
653 2310 688 2375 O.
713 2308 804 2373 Marii
829 2309 947 2388 clades,
974 2311 1152 2395 principum
1175 2313 1301 2392 caedes,

104 2417 159 2483 vel
181 2437 291 2482 eorum
314 2417 487 2481 multorum
505 2422 626 2500 pestes,
651 2434 732 2496 quae
757 2415 852 2498 paulo
876 2422 950 2498 post
973 2421 1101 2480 secutae
1117 2423 1201 2480 sunt.
1232 2415 1301 2481 Neo

102 2541 180 2587 rcro
202 2521 266 2585 iam
291 2540 361 2584 meo
394 2521 521 2584 nomine
545 2519 708 2584 abstinent
732 2524 773 2597 et,
798 2517 904 2598 credo,
940 2518 1014 2602 quia
1037 2528 1146 2585 nostro
1169 2522 1300 2586 consilio

101 2647 140 2690 ac
171 2625 314 2708 periculo
348 2644 420 2690 sese
451 2624 484 2687 in
518 2623 574 2687 illa
608 2623 676 2688 vite
711 2631 808 2705 etque
839 2623 903 2688 otio
938 2632 1144 2690 conservatos
1178 2633 1299 2709 putant,

102 2727 234 2812 gravius
257 2729 355 2794 etiam
379 2727 419 2792 de
446 2726 538 2792 nobis
563 2715 791 2809 queruntur'et
814 2727 980 2794 amantius.

690 2870 707 2907 rh

210 2971 410 3056 Quamquam
433 2973 532 3038 nostri
565 2994 657 3038 casus
680 2975 751 3058 plus
784 2973 911 3038 honoris
935 2973 1112 3040 habueruut
1136 2996 1231 3058 quam
1256 2977 1333 3040 lar-7

100 3076 185 3141 horis
219 3095 322 3158 neque
356 3083 479 3142 tantum
513 3079 691 3156 molestiae,
727 3087 880 3160 quamtum
915 3079 1047 3162 gloriae,
1082 3081 1298 3162 maioremque

98 3180 255 3246 laetitiam
282 3201 322 3245 ex
338 3181 497 3264 desiderio
521 3183 675 3248 bonorum
699 3183 900 3266 percepimus
924 3203 1017 3265 quam
1034 3204 1074 3248 ex
1096 3183 1218 3249 laetitia
1240 3182 1296 3248 inr-

98 3286 268 3369 proborum
315 3287 467 3351 dolorem.
525 3287 589 3352 Sed
633 3288 661 3351 si
705 3287 798 3351 aliter
842 3288 1022 3369 accidisset,
1069 3289 1121 3372 qui
1167 3310 1295 3374 possem

97 3386 213 3473 queri?
238 3411 312 3454 cum
337 3390 415 3454 mihi
440 3391 519 3455 nihil
541 3392 714 3476 improviso
738 3412 798 3457 nec
821 3394 959 3475 gravius,
986 3413 1080 3476 quam
1098 3397 1294 3478 expectavis-

96 3515 175 3575 sem,
200 3513 258 3578 pro
285 3495 382 3560 tantis
407 3497 485 3561 meis
508 3495 603 3561 factis
628 3496 800 3562 evenisset.
825 3498 857 3561 ls
881 3497 965 3561 enim
989 3497 1121 3579 fueram,
1147 3500 1198 3563 cui
1222 3519 1294 3563 cum

95 3599 208 3664 liceret
231 3607 287 3662 aut
315 3599 452 3664 maiores
477 3602 597 3665 exotio
621 3600 743 3665 fruetus
769 3621 883 3687 capere
907 3622 1002 3684 quam
1026 3603 1141 3668 ceteris
1164 3610 1294 3690 propter

94 3702 218 3790 variam
242 3703 435 3770 suavitatem
452 3705 639 3787 studiorum,
665 3705 697 3768 in
722 3706 838 3787 quibus
860 3728 879 3769 a
902 3705 1039 3790 pueritia
1061 3707 1214 3786 vixeram,
1238 3715 1292 3770 aut

94 3807 122 3873 si
146 3806 225 3890 quid
248 3806 411 3872 accideret
425 3808 571 3874 acerbius
593 3809 761 3888 universis,
786 3829 850 3874 non
866 3809 1081 3894 praecipuam,
1104 3810 1161 3875 sed
1183 3829 1291 3896 parem

94 3931 166 3999 eurn
190 3911 307 3976 ceteris
344 3911 490 3978 fortunae
513 3913 733 3978 condicionem
765 3912 878 3992 subire,
911 3935 975 3977 nou
1000 3913 1210 3978 dubitaverim
1240 3935 1290 3977 ine
