2986 4334
628 119 730 184 Disput.
751 121 908 172 Tusculanae

276 319 326 386 Ite
349 341 477 404 prorsus
501 325 657 392 existimo.

252 433 340 500 ·Ubi
365 444 438 501 sunt
462 458 539 522 crgo
561 439 594 518 ii,
619 461 698 522 quos
723 441 855 506 miseros
879 441 970 522 dicis,
994 451 1048 510 aut
1072 466 1166 528 quem
1192 447 1296 512 locum
1321 449 1364 512 in-

177 537 309 601 colunt?
355 539 389 606 Si
412 541 496 606 enim
520 551 601 624 suut,
628 565 784 627 nusquam
807 566 878 612 esse
902 566 965 612 uon
989 557 1128 632 possunt.

277 651 347 734 Ego
370 673 446 718 vero
469 675 625 736 nusquam
648 677 719 723 esse
742 658 816 722 illos
838 667 926 742 puto.

280 755 382 838 Igitur
404 779 444 822 ne
468 779 540 824 esse
564 759 720 843 quidem?

279 859 412 926 Prorsus
435 861 496 928 istc
519 864 622 944 modc,
646 873 678 930 et
700 873 806 931 tamen
830 869 965 934 miseros
989 871 1030 934 ob
1052 870 1085 934 id
1107 872 1211 956 ipsum
1225 872 1374 955 quidem,

180 965 255 1043 quia
277 964 356 1030 nulli
380 975 459 1032 suut.

131 1074 162 1133 12
282 1069 350 1134 Iam
373 1071 501 1136 mallem
526 1071 696 1138 Cerberum
721 1083 878 1142 metueres
902 1098 997 1160 quam
1020 1079 1082 1144 ista
1105 1087 1169 1144 tam
1194 1081 1372 1148 inconside-

180 1180 247 1237 rate
271 1173 403 1240 diceres.

281 1277 366 1355 Quid
387 1279 541 1346 taudem?

281 1383 382 1459 Quem
405 1404 477 1450 esse
501 1405 612 1468 negas,
637 1387 773 1452 eundem
808 1409 878 1454 csse
915 1389 1005 1454 dicis.
1055 1391 1115 1456 Ubi
1152 1402 1201 1458 cst
1232 1413 1371 1460 acumen

180 1493 293 1555 tuum?
317 1489 396 1554 Cum
420 1488 503 1554 enim
525 1490 676 1556 miserum
700 1513 771 1558 esse
795 1493 886 1574 dicis,
910 1502 977 1560 tum
1012 1516 1093 1577 eum,
1129 1497 1180 1578 qui
1216 1517 1279 1562 nou
1319 1500 1372 1579 sit,

179 1595 258 1659 dicis
282 1615 362 1660 esse.

280 1698 352 1764 Non
376 1720 446 1764 sum
469 1700 514 1764 ita
537 1699 646 1780 hebes,
670 1708 705 1764 ut
728 1701 814 1765 istud
838 1703 952 1767 dicam.

282 1804 368 1880 Quid
390 1803 470 1870 dicis
492 1805 614 1888 igitur?

281 1909 430 1974 Miserum
454 1929 525 1975 esse
548 1911 635 1974 verbi
661 1931 759 1975 causa
782 1913 823 1975 M.
850 1911 1009 1992 Crassum,
1038 1914 1091 1994 qui
1122 1913 1194 1978 illas
1226 1915 1371 1980 fortunas

116 2039 121 2050 ·
182 2021 280 2080 morte
303 2014 466 2092 dimiserit,
492 2013 641 2079 miserum
672 2014 727 2080 On.
755 2016 950 2100 Pompeium,
986 2019 1041 2098 qui
1074 2025 1163 2082 tanta
1194 2018 1297 2100 gloria
1332 2019 1373 2084 sit

180 2120 318 2201 orbatur,
343 2138 453 2186 omnes
476 2117 612 2201 denique
636 2120 777 2199 miseros,
804 2120 855 2202 qui
879 2120 940 2184 hac
965 2122 1036 2186 tuce
1060 2130 1198 2187 careant.

258 2243 260 2248 ·
281 2225 468 2290 Revolveris
492 2223 612 2290 eodem.
660 2225 730 2290 Sint
753 2225 837 2290 enim
861 2231 994 2309 oportet,
1026 2225 1052 2290 si
1075 2226 1180 2292 miseri
1213 2234 1303 2309 sunt3
1337 2237 1369 2292 tu

180 2339 286 2396 autem
309 2329 404 2395 modo
426 2329 569 2414 negabas
586 2348 640 2394 eos
664 2349 743 2410 csse,
768 2329 821 2412 qui
838 2329 953 2394 mortui
977 2338 1095 2396 essent.
1141 2331 1175 2396 Si
1199 2331 1294 2414 igitur
1310 2353 1371 2396 non

181 2443 262 2515 sunt,
286 2434 365 2498 nihil
388 2441 521 2520 possunt
545 2453 632 2518 esse;
657 2435 703 2498 ita
725 2455 765 2498 nc
789 2433 896 2499 miseri
920 2432 1047 2516 quidem
1071 2443 1153 2502 sunt.

281 2540 353 2604 Non
377 2538 449 2604 dico
472 2540 609 2604 fortasse
633 2539 738 2619 etiam,
763 2539 848 2622 quod
878 2539 995 2622 senti03
1030 2561 1103 2604 nam
1138 2541 1226 2627 istuc
1253 2540 1372 2625 ipsum,

180 2665 243 2709 non
268 2664 348 2724 esse,
373 2664 445 2708 cum
467 2644 577 2724 fueris,
601 2645 814 2708 miserrimum
837 2651 924 2730 puto.

131 2763 161 2812 13
283 2745 391 2823 Quid?
417 2747 562 2814 miserius
587 2768 681 2831 quam
715 2749 843 2813 omnino
866 2769 1040 2830 numquam
1076 2749 1199 2814 fuisse?
1222 2749 1281 2830 Ita,
1317 2750 1373 2832 qui

181 2853 323 2919 nondum
350 2852 417 2919 nati
442 2861 525 2935 sunt,
549 2853 655 2919 miseri
678 2851 742 2918 iam
766 2860 848 2935 sunt,
872 2854 1034 2936 quianon
1057 2862 1140 2934 sunt,
1176 2859 1207 2919 et
1240 2873 1308 2934 nos,
1344 2855 1372 2919 si

181 2959 254 3044 post
277 2964 411 3024 mortem
425 2959 532 3023 miseri
555 2958 652 3022 futuri
671 2977 790 3039 sumus,
814 2955 921 3023 miseri
938 2958 1056 3022 fuimus
1080 2967 1165 3039 ante,
1182 2978 1278 3041 quam
1295 2959 1375 3023 nati.

182 3064 252 3148 Ego
275 3071 381 3128 autem
405 3083 469 3128 non
492 3063 700 3144 commemini,
724 3070 798 3127 ante
822 3082 917 3144 quam
934 3081 1003 3127 sum
1019 3069 1122 3143 natus,
1138 3083 1188 3126 me
1204 3061 1373 3128 miserum:

181 3175 215 3232 tu
239 3167 267 3231 si
290 3168 421 3234 meliore
444 3166 597 3231 memoria
621 3185 665 3247 cs,
688 3163 784 3231 velim
809 3167 899 3246 scire,
932 3164 1047 3249 sequid
1078 3165 1117 3230 de
1140 3172 1171 3230 te
1194 3165 1372 3232 recordere.

285 3272 335 3335 Ita
358 3271 482 3351 iocaris,
507 3267 600 3353 quasi
616 3290 676 3354 ego
699 3271 805 3336 dicam
828 3291 883 3335 eos
899 3271 1042 3350 miseros,
1067 3270 1121 3351 qui
1136 3270 1204 3334 nati
1219 3290 1280 3334 nou
1299 3271 1373 3352 sint,

182 3384 214 3442 et
236 3395 299 3442 non
323 3397 378 3441 eos
402 3375 544 3456 miseros,
570 3373 625 3458 qui
647 3375 762 3438 mortui
787 3383 870 3440 sunt.

282 3491 363 3554 Esse
387 3509 464 3572 ergo
488 3509 542 3553 eos
566 3487 657 3552 dicis.

284 3603 396 3683 Immo,
421 3602 582 3685 quianon
606 3601 679 3680 sint,
703 3619 776 3664 cum
799 3601 924 3680 fuerint,
949 3619 987 3665 eo
1010 3599 1142 3664 miseros
1167 3619 1247 3664 esse.

286 3714 468 3798 Pugnantia
491 3721 522 3778 te
557 3713 644 3796 loqui
666 3733 728 3776 ncu
753 3711 867 3777 vides?
903 3711 988 3789 Quid
1021 3712 1106 3776 enim
1138 3718 1204 3776 tam
1237 3719 1370 3796 pugnat,

183 3843 277 3905 quam
302 3839 365 3884 nou
389 3817 483 3882 modo
507 3818 667 3896 miserum,
692 3813 750 3880 sed
772 3815 896 3879 omuino
920 3816 1090 3898 quicquam
1114 3835 1194 3896 csse,
1226 3815 1280 3898 qui
1309 3835 1371 3880 non
