2986 4334
236 111 279 174 3⁶2
650 103 690 154 De
707 119 733 154 re
751 101 852 168 poetic·
869 101 890 160 Ι,
908 103 951 156 ῦὸ.
971 103 1012 156 δᾶ

343 309 487 376 iicoomit
510 329 624 374 unomen
647 309 739 391 qnasi
774 305 911 392 patrium
934 307 1030 390 regis.
1066 315 1101 372 nt
1125 329 1169 372 ex
1208 331 1250 374 se
1277 314 1354 390 mes,
1377 335 1389 372 i·

236 413 432 482 entnsnientis
453 413 520 480 suis
542 412 667 478 civibus
689 419 721 478 et
745 429 801 476 eos
823 410 1052 476 conservantia

345 655 469 722 Adsunt
492 659 670 742 optimates,
705 655 760 740 qni
783 675 819 722 se
841 655 955 722 meiius
979 655 1038 720 hoc
1061 653 1149 720 idem
1175 657 1298 724 facere
1320 659 1391 743 profit

234 771 328 828 auitos
358 761 494 848 piusque
517 761 584 826 iore
614 755 723 826 dicant
746 759 778 824 in
800 759 947 846 pluribus
977 757 1102 824 consilii
1126 779 1232 842 qnam
1268 766 1304 827 in
1326 784 1401 828 nno·

234 864 370 932 candem
393 873 500 932 tamen
523 863 718 948 aequitatem
741 871 771 928 et
795 861 901 930 iidem.
949 863 1033 928 Ecce
1055 871 1164 928 antem
1190 869 1413 932 maximenon

234 971 351 1036 ‹imoat
374 969 511 1058 populus
535 989 638 1052 neque
662 987 698 1034 se
720 971 775 1032 uni
806 987 910 1050 neque
933 967 1045 1052 paucis
1067 967 1152 1033 velle
1175 989 1322 1054 parere3
1351 972 1399 1038 libe

234 1085 299 1142 tate
324 1097 363 1142 no
387 1071 462 1142 sorio
486 1073 612 1156 quidem
637 1077 805 1156 quicquam
830 1091 903 1138 esse
925 1071 1065 1156 dnicins;
1089 1072 1151 1138 hac
1175 1093 1301 1140 omnes
1325 1095 1418 1142 carere.

233 1183 300 1246 sivo
318 1183 384 1262 coegi
402 1181 469 1246 sive
486 1177 692 1264 optimatibus
708 1180 858 1244 serviant.
883 1175 933 1241 Ita
949 1176 1082 1242 caritate
1094 1195 1154 1242 nos
1170 1179 1315 1264 capiunt
1338 1201 1420 1264 rege.

233 1285 365 1350 oimsiiio
382 1285 560 1370 optimates.
585 1281 731 1348 libertate
748 1279 865 1368 populi.
890 1287 924 1346 nt
939 1281 972 1346 in
988 1281 1204 1367 comparando
1230 1283 1373 1350 difficile
1393 1283 1422 1348 ad

233 1385 415 1468 eligendum
441 1391 491 1468 ait,
516 1385 593 1472 quid
616 1389 754 1451 maxime
778 1387 868 1450 velis.

337 1489 450 1561 Orodo.
474 1491 586 1576 inquit,
610 1489 669 1558 sed
692 1489 844 1576 expediri.
869 1509 951 1572 quae
973 1497 1103 1557 restant.
1140 1490 1194 1554 vix
1217 1501 1389 1578 poterunt,
1407 1495 1425 1556 si

233 1595 290 1660 Ιιυι·
315 1595 496 1662 incohatum
521 1595 695 1678 reliqueris.

821 1699 837 1736 a

180 1816 223 1862 itt·
339 1805 373 1872 Si
399 1805 456 1886 vis,
481 1805 579 1884 Laeli,
604 1803 687 1870 dabo
703 1803 761 1868 tibi
784 1811 883 1868 testes
900 1821 959 1867 nec
981 1797 1077 1867 nimis
1100 1801 1251 1884 antiquos
1279 1826 1344 1870 nec
1370 1809 1426 1870 nilo

231 1909 323 1976 minio
347 1909 509 1976 itarbascs.

342 2015 432 2094 istos,
457 2011 569 2096 inquit,
594 2013 675 2078 vole.

332 2115 471 2186 Videsne
497 2115 594 2202 igitur
617 2115 720 2180 minos
737 2115 1041 2198 quadringentorum
1064 2135 1219 2180 annorum
1244 2135 1323 2183 esse
1348 2119 1430 2184 hanc

230 2223 348 2302 urbem,
374 2229 407 2290 ut
430 2225 498 2290 sine
523 2219 654 2304 regibus
677 2219 743 2284 siti

340 2328 421 2392 Vero
444 2329 558 2392 minus.

338 2429 423 2510 Quid
446 2427 549 2512 ergo?
572 2429 651 2495 haec
675 2427 978 2512 quadimgentorum
994 2449 1148 2493 annorum
1170 2437 1261 2493 aetas
1285 2437 1322 2495 nt
1340 2433 1433 2496 urbis

228 2545 259 2602 ot
283 2535 423 2602 civitatis
446 2553 521 2600 oum
548 2531 639 2599 vaide
664 2535 860 2618 longeest?

337 2639 404 2706 Ista
427 2657 512 2718 vero,
536 2637 649 2720 inquit,
675 2637 786 2704 adulto
808 2641 872 2702 vix.

337 2743 422 2828 argo
446 2743 496 2810 his
519 2743 612 2810 annis
636 2742 876 2828 quadringentis
899 2743 1018 2807 Romae
1042 2763 1098 2806 rex
1121 2739 1214 2808 erat?

336 2847 376 2914 Et
399 2847 556 2934 superbus
581 2847 717 2930 quidem.
1296 2838 1299 2842 ’

336 2951 421 3032 (tuin
445 2951 569 3038 supra?

334 3057 546 3136 iustissimus,
570 3063 602 3122 et
625 3055 778 3141 deinceps
802 3063 885 3120 retro
908 3075 1011 3137 nsque
1033 3054 1074 3120 ad
1098 3055 1274 3137 Romulum,
1301 3060 1358 3138 qni
1385 3059 1433 3122 ab

226 3159 286 3228 hoc
308 3169 450 3248 tempore
472 3181 555 3228 anno
579 3163 806 3226 sescentesimo
830 3179 887 3224 rex
911 3167 986 3225 erat.

333 3267 419 3353 Ergo
443 3287 483 3333 ne
507 3269 568 3332 iste
591 3261 720 3349 quidem
742 3262 920 3350 pervetus?

335 3369 464 3438 Minime
487 3390 525 3437 ac
547 3389 648 3458 prope
671 3375 860 3438 senescente
883 3372 946 3434 iam
969 3370 1113 3436 Graecia.

337 3473 433 3555 Cedo,
457 3496 533 3542 num
555 3475 762 3543 barbarorum
785 3474 939 3541 Romulus
961 3493 1021 3540 rex
1044 3473 1127 3538 fuit?

337 3575 381 3659 Si,
405 3586 440 3643 ut
462 3581 576 3645 Graeci
599 3580 709 3646 dicunt
731 3599 842 3646 omnes
872 3585 927 3644 aut
950 3577 1062 3644 Gra-ios
1085 3597 1156 3644 csse
1179 3585 1235 3642 aut
1257 3577 1424 3656 bethereo,

227 3701 348 3761 vereor,
373 3701 414 3746 ne
429 3679 635 3749 barbarorum
657 3703 713 3750 rex
729 3683 839 3768 fuerit3
865 3685 913 3749 sin
937 3682 971 3747 id
986 3701 1102 3746 nomen
1120 3683 1263 3747 moribus
1278 3680 1422 3745 dandum

225 3793 282 3867 est,
298 3807 361 3852 non
377 3786 504 3869 linguis,
520 3805 584 3852 non
600 3787 740 3852 Graecos
756 3789 860 3849 minus
875 3783 1028 3847 barbaros
1044 3803 1138 3862 quam
1153 3783 1311 3848 Romanos
1327 3791 1418 3864 puto.
