2986 4334
192 178 234 242 26
608 182 648 230 De
666 197 692 230 re
710 181 809 246 publica
828 183 849 240 1,
867 183 980 235 ull-33.

140 389 171 438 31
299 385 381 449 'lum
403 383 545 450 Tubero:
570 384 644 450 Non
660 385 815 452 dissentio
837 409 857 452 a
881 391 922 468 te,
945 387 1045 469 Laeli,
1069 387 1128 454 sed
1150 407 1282 471 quaero,
1308 409 1400 470 quae

189 496 224 554 tu
246 507 317 555 esse
339 492 461 554 maiora
483 489 666 574 intellegas.

299 610 413 676 Dicam
436 610 619 676 mehercule
643 619 675 676 et
695 621 881 677 contemnar
902 635 923 678 a
944 619 977 678 te
1000 612 1146 692 fortasse,
1171 631 1243 676 cum
1266 620 1303 678 tu
1328 617 1399 679 ista

191 717 346 782 caelestia
368 714 408 780 de
424 713 574 800 Scipione
597 719 784 799 quaesieris,
808 737 870 801 ego
893 722 1000 782 autem
1016 715 1106 797 haec,
1130 735 1212 799 quae
1235 717 1399 783 videntur

189 825 264 883 ante
287 819 396 884 oculos
419 838 499 901 esse,
530 823 634 904 magis
657 829 765 907 putem
790 821 983 904 quaerenda.
1030 820 1118 897 Quid
1140 825 1224 886 enirn
1247 821 1330 885 mibi
1356 824 1396 886 L.

190 923 283 987 Pauli
305 943 415 1009 nepos,
446 924 509 990 hoc
531 927 699 1007 avunculo,
722 925 978 992 nobilissimam
1001 925 1125 990 familia
1147 932 1244 1008 atque
1266 929 1301 990 in
1327 925 1396 990 hac

189 1035 256 1094 tam
279 1028 366 1093 clara
388 1049 423 1094 re
456 1029 587 1114 publica
608 1037 711 1111 natus,
746 1033 880 1112 quaerit,
916 1029 1095 1113 quomodo
1129 1029 1193 1094 duc
1216 1031 1302 1094 soles
1325 1034 1397 1095 visi

189 1135 262 1214 sint,
298 1153 362 1198 non
385 1136 517 1216 quaerit,
553 1137 664 1199 curin
698 1155 762 1198 una
786 1155 820 1200 re
854 1135 983 1219 publica
1007 1133 1069 1199 dno
1104 1141 1234 1198 senatus
1265 1141 1298 1198 et
1321 1133 1394 1198 duo

189 1256 292 1321 paene
314 1241 378 1302 iam
403 1237 514 1324 populi
536 1237 626 1304 sint?
663 1237 757 1320 Nam,
781 1245 815 1302 ut
842 1237 970 1319 vidctis,
995 1257 1079 1302 mors
1101 1237 1224 1302 liberii
1247 1237 1394 1302 Gracchi

189 1348 221 1406 et
243 1344 307 1406 iam
330 1348 405 1406 ante
420 1347 488 1408 tota
509 1342 596 1407 illius
620 1346 701 1408 ratio
716 1343 897 1408 tribunatus
921 1339 1031 1407 divisit
1053 1343 1207 1428 populum
1229 1362 1330 1406 unum
1355 1345 1393 1406 in

188 1446 269 1512 duas
291 1453 415 1530 partes3
440 1447 668 1512 obtrectatores
690 1453 798 1512 autem
813 1455 844 1511 et
867 1445 970 1512 invidi
986 1443 1146 1530 Scipionis
1167 1447 1267 1510 initiis
1289 1445 1394 1512 factis

188 1573 208 1614 a
231 1551 264 1614 P.
292 1550 408 1616 Crasso
438 1558 470 1616 et
492 1551 598 1637 Appio
621 1551 755 1616 Claudio
779 1558 888 1617 tenent
912 1551 1013 1616 nihilo
1038 1554 1141 1616 minus
1162 1551 1228 1615 illis
1250 1554 1391 1615 mortuis

189 1662 319 1722 senatus
342 1656 477 1722 alteram
500 1663 623 1741 partem
653 1655 864 1722 dissidentem
887 1677 906 1720 a
929 1655 1021 1720 vobis
1044 1661 1177 1720 auctore
1200 1653 1330 1720 Metello
1355 1664 1392 1720 et

189 1761 224 1823 P.
260 1760 365 1825 Mucio
400 1779 502 1843 neque
537 1759 629 1841 hunc,
666 1763 720 1843 qui
754 1781 836 1826 unus
871 1766 987 1844 potest,
1023 1761 1191 1824 concitatis
1224 1759 1321 1824 sociis
1354 1767 1392 1824 et

188 1867 316 1929 nomine
354 1865 476 1945 Latino,
514 1863 700 1930 foederibus
738 1867 875 1944 violatis,
918 1867 1092 1930 triumviris
1130 1863 1390 1930 seditiosissimis

188 1970 310 2053 aliquid
332 1970 450 2036 cotidie
473 1974 549 2035 novi
572 1971 787 2053 molientibus,
810 1970 903 2035 bonis
925 1971 1004 2034 viris
1027 1969 1223 2054 perturbatis
1244 1969 1297 2033 his
1319 1975 1390 2034 tam

136 2096 168 2145 32
188 2076 376 2159 periculosis
406 2076 503 2140 rebus
538 2075 707 2140 subvenire
737 2077 911 2160 patiuntur.
958 2071 1060 2148 eram
1085 2074 1126 2139 ob
1159 2093 1236 2154 rem,
1272 2076 1300 2136 si
1335 2093 1389 2137 me

187 2179 335 2261 audietis,
371 2179 603 2261 adulescentes,
638 2181 738 2244 solem
762 2180 896 2244 alterum
928 2199 969 2243 ne
991 2180 1185 2260 metueritis3
1222 2183 1277 2242 aut
1299 2180 1387 2242 enim

188 2284 293 2350 nullus
317 2303 388 2350 esse
410 2290 524 2371 potest,
556 2291 612 2349 aut
636 2287 678 2349 sit
701 2305 790 2364 sane,
819 2289 856 2348 ut
877 2287 966 2348 visus
990 2290 1047 2364 est,
1071 2281 1166 2348 modo
1189 2303 1229 2348 ne
1252 2284 1295 2346 sit
1317 2301 1384 2346 mo

188 2391 297 2470 lestus,
321 2397 376 2455 aut
391 2394 472 2457 scire
488 2393 624 2456 istarum
640 2409 743 2454 rerum
759 2389 839 2452 nihil
856 2395 920 2469 aut,
937 2390 1063 2452 etiamsi
1078 2389 1217 2451 maxime
1233 2389 1384 2466 sciemus,

188 2515 248 2560 nec
278 2494 426 2560 meliores
457 2495 497 2560 ob
528 2515 600 2560 eam
623 2496 789 2559 scientiam
820 2513 880 2558 nec
902 2493 1063 2558 beatiores
1094 2511 1164 2557 esse
1196 2509 1385 2574 possumus;

189 2605 334 2664 senatum
357 2619 434 2664 vero
457 2605 489 2663 et
512 2600 664 2684 populum
689 2605 722 2661 ut
738 2618 836 2663 unum
859 2597 1044 2677 babeamus,
1069 2604 1100 2663 et
1122 2593 1191 2670 fieri
1213 2600 1328 2679 potest,
1352 2601 1387 2658 et

188 2705 415 2788 permolestum
439 2708 498 2783 est,
515 2705 578 2767 nisi
599 2701 643 2783 fit,
667 2709 699 2768 et
715 2720 808 2767 secus
825 2719 896 2767 esse
919 2704 1038 2766 scimus
1062 2706 1094 2766 et
1117 2698 1272 2778 videmus,
1297 2699 1325 2761 si
1348 2698 1386 2762 id

189 2806 337 2873 effectum
361 2811 411 2888 sit,
437 2814 469 2871 et
491 2806 604 2872 melius
627 2826 686 2872 nos
710 2825 780 2872 esse
803 2808 945 2871 victuros
968 2811 1000 2870 et
1021 2805 1158 2870 beatius.
1472 2879 1473 2934 l

138 2946 171 2997 33
253 2949 255 2953 ’
297 2931 378 2995 Tum
402 2929 540 3021 Mucius:
578 2927 662 3004 Quid
686 2947 757 2993 esse
780 2931 879 3010 igitur
902 2946 1023 3006 censes,
1060 2925 1159 3006 Laeli,
1192 2922 1382 2990 discendum

188 3034 291 3114 nobis,
315 3041 350 3102 ut
372 3033 458 3100 istud
481 3032 610 3098 efficere
632 3036 789 3118 possimus
812 3036 927 3116 ipsum,
952 3029 1039 3113 quod
1061 3029 1227 3115 postulas?
1472 3055 1473 3102 r

296 3156 360 3221 Eas
384 3162 478 3236 artes,
505 3175 587 3238 quae
611 3153 763 3234 efficiant,
787 3159 822 3217 ut
845 3155 917 3217 usui
941 3154 1063 3216 civitati
1088 3154 1205 3236 simus,
1241 3149 1274 3214 id
1297 3155 1385 3216 enim
1472 3225 1473 3230 ἵ

189 3279 260 3324 esse
282 3261 573 3344 praeclarissimum
590 3261 768 3343 sapientiae
790 3275 904 3322 munus
920 3259 1159 3337 maximumque
1183 3258 1309 3320 virtutis
1331 3258 1385 3322 vel
1472 3291 1473 3360 l

189 3363 413 3432 documentum
448 3364 498 3428 vel
524 3362 664 3428 officium
694 3369 782 3447 puto.
830 3358 932 3436 Quam
957 3361 997 3424 ob
1028 3379 1104 3440 rem,
1139 3366 1174 3423 ut
1196 3358 1258 3423 hae
1281 3359 1382 3425 feriae
1472 3393 1473 3438 ῃ

189 3469 282 3534 nobis
312 3468 355 3533 ad
376 3469 564 3533 utilissimos
594 3469 642 3531 rei
665 3466 812 3551 publicae
847 3483 1010 3529 sermones
1042 3465 1245 3548 potissimum
1276 3464 1384 3529 confe-

189 3579 307 3654 rantur,
342 3571 524 3656 Scipionem
558 3590 717 3654 rogemus,
756 3576 791 3633 ut
814 3567 962 3652 explicet,
998 3585 1092 3649 quem
1116 3569 1277 3632 existimet
1310 3587 1382 3633 esse
1472 3567 1473 3614 1

190 3679 345 3764 optimum
369 3683 487 3740 statum
511 3675 659 3740 civitatis.
1472 3661 1473 3672 ’

777 3817 791 3852 *
