2986 4334
521 189 652 240 Somnium
671 189 794 256 Scipionis
818 199 841 245 u.
857 197 896 246 lo.
1133 198 1138 209 '
1263 195 1304 256 39

101 401 205 464 etiam
237 419 277 462 ex
299 419 349 462 me
379 397 490 463 audire
523 399 679 478 voluistis,
718 399 865 464 simulet
896 399 999 482 qualis
1022 401 1063 463 sit
1099 406 1130 464 et
1153 404 1303 485 optimam

101 523 179 569 esse
219 503 384 569 ostendam
422 505 631 588 expositaque
665 501 708 568 ad
746 504 927 588 exemplum
965 508 1075 568 nostra
1107 523 1143 568 re
1176 505 1304 589 publica

100 606 355 672 accommodabo
379 603 422 670 ad
444 627 525 688 cam,
549 609 578 671 si
604 614 725 690 potero,
749 628 872 672 omnem
895 608 983 673 illam
1005 609 1189 690 orationem,
1222 630 1303 692 quac

100 718 156 776 est
179 711 259 776 mihi
281 708 432 776 habenda
455 709 495 776 de
527 713 646 795 optimo
671 714 809 778 civitatis
832 717 944 777 statu„
974 712 1067 788 Quod
1090 715 1117 778 si
1140 718 1249 778 tenere
1273 719 1304 778 et

101 818 260 898 consequi
294 822 435 900 potuero,
473 817 632 882 cumulate
657 835 770 882 munus
793 816 864 898 hoc,
904 819 954 882 cui
978 837 1028 882 me
1051 817 1181 882 Laelius
1211 839 1299 902 prae-

102 925 224 1006 posuit,
247 927 283 986 ut
306 923 412 1006 opinio
438 940 510 986 mea
532 919 603 1002 fert,
628 921 775 986 effecero.

218 1026 300 1089 Tum
323 1025 469 1090 Laelius:
508 1025 557 1090 uu
579 1045 665 1106 vero,
701 1029 813 1109 inquit,
850 1026 966 1110 Scipio,
1002 1045 1039 1091 ac
1062 1033 1151 1092 tuum
1174 1025 1302 1111 quidem
1323 1027 1353 1076 71

103 1148 232 1196 munus.
278 1129 357 1206 Quis
380 1131 465 1195 enim
487 1137 520 1195 te
542 1132 648 1214 potius
673 1137 728 1194 aut
750 1129 790 1196 de
813 1133 966 1196 maiorum
1000 1127 1117 1196 dixerit
1139 1132 1302 1213 institutis,

104 1256 180 1299 eum
211 1235 256 1299 sis
280 1234 466 1299 clarissimis
496 1235 566 1318 ipse
589 1235 787 1300 maioribus?
820 1241 877 1300 aut
899 1234 940 1300 de
971 1237 1090 1320 optimo
1114 1241 1198 1302 statu
1229 1239 1303 1302 civi-

104 1337 209 1404 tatis?
233 1358 329 1421 quem
352 1341 380 1404 si
403 1337 588 1419 habeamus,
618 1341 678 1404 etsi
701 1360 741 1404 ne
764 1359 848 1405 nunc
871 1339 1008 1423 quidem,
1032 1345 1109 1405 tunc
1132 1359 1208 1406 vero
1232 1344 1302 1424 quis

104 1451 137 1507 te
161 1445 266 1528 possit
281 1462 352 1508 esse
375 1440 564 1509 florentior?
587 1449 643 1507 aut
666 1441 706 1508 de
730 1445 871 1510 consiliis
894 1447 927 1508 in
950 1449 1113 1528 posterum
1136 1444 1303 1531 providen-

105 1547 167 1627 dis,
206 1567 279 1613 enm
301 1554 338 1612 tu·
370 1546 494 1614 duobus
517 1546 611 1611 huius
646 1547 733 1612 urbis
767 1549 941 1612 terroribus
975 1547 1118 1632 depulsis
1141 1550 1173 1611 iu
1208 1569 1301 1614 omne

105 1658 235 1735 tempus
257 1649 485 1737 prospexeris?

531 1915 581 1977 De
605 1933 669 1997 rep.
696 1911 741 1977 VI
766 1914 882 1978 9-29.

471 2026 692 2140 (Somnium
716 2053 938 2140 Scipionis.)

218 2193 297 2260 Cum
320 2198 353 2260 in
375 2193 518 2261 ethicam
541 2197 701 2260 venissem
715 2193 767 2258 Μ’.
792 2192 923 2260 Manilio
946 2195 1068 2260 consuli
1091 2193 1133 2259 ad
1156 2200 1302 2276 quartam
1338 2188 1353 2236 9

104 2300 268 2382 legionem
293 2299 448 2380 tribunus,
486 2305 520 2363 ut
543 2301 641 2379 scitis,
680 2298 825 2380 militum,
864 2299 943 2363 nihil
978 2297 1056 2362 mihi
1090 2298 1151 2364 fuit
1184 2300 1299 2382 potius,
1352 2359 1353 2364 ,

103 2423 201 2485 quam
230 2410 265 2467 ut
288 2403 492 2468 Masinissam
515 2405 719 2468 convenirem
742 2423 860 2485 regem,
892 2403 1033 2468 familiae
1056 2409 1184 2469 nostrae
1207 2405 1301 2469 iustis

103 2507 145 2572 de
165 2509 272 2572 causis
288 2510 525 2574 amicissimum.
560 2507 612 2572 Ad
636 2527 729 2590 quem
752 2513 786 2571 ut
809 2511 892 2587 veni,
917 2508 1103 2592 complexus
1125 2527 1176 2573 me
1200 2511 1301 2573 senex'

103 2611 334 2676 collacrimavit
364 2613 592 2696 aliquantoque
615 2618 688 2697 post
711 2613 855 2695 suspexit
878 2611 920 2676 ad
943 2613 1067 2676 caelum
1091 2618 1138 2677 et:
1174 2611 1297 2692 Grates,

103 2717 218 2797 inquit,
253 2715 312 2780 tibi
334 2735 407 2800 ago,
443 2737 565 2782 summe
589 2717 654 2796 Sol,
689 2717 855 2798 vobisque,
887 2718 1002 2799 reliqui
1026 2716 1174 2796 Caelites,
1205 2715 1298 2798 quod,

103 2826 180 2886 ante
203 2839 298 2902 quam
321 2839 363 2884 ex
385 2820 446 2884 hac
480 2823 547 2885 vita
570 2823 681 2902 migro,
714 2823 878 2903 conspicio
908 2824 941 2884 in
971 2841 1041 2886 meo
1071 2838 1172 2904 regno
1196 2819 1299 2884 ethis

103 2926 199 2990 tectis
222 2923 257 2988 P.
282 2922 464 2989 Cornelium
487 2924 685 3009 Scipionem3
720 2927 809 2988 cuius
834 2945 895 3008 ego
919 2927 1048 2989 nomine
1070 2928 1141 3009 ipso
1163 2923 1298 3003 recreor,

103 3033 214 3109 itaque
236 3048 409 3110 numquam
446 3049 487 3093 ex
509 3031 615 3093 animo
637 3049 708 3092 meo
733 3027 870 3093 discedit
892 3029 978 3093 illius
1001 3031 1113 3112 optimi
1135 3034 1230 3109 atque
1254 3030 1299 3100 in-

103 3134 274 3198 viotissimi
304 3133 365 3196 vivi
387 3135 549 3198 memoria.
594 3130 720 3196 Deinde
744 3151 805 3213 ego
839 3133 928 3196 illum
952 3132 992 3196 de
1015 3151 1073 3196 suo
1096 3151 1204 3214 regno,
1243 3132 1297 3194 ille

103 3256 156 3300 me
180 3234 221 3299 de
243 3242 409 3300 nostrane
432 3236 560 3320 publica
583 3242 788 3319 percontatus
812 3243 870 3316 est,
894 3237 1064 3316 multisque
1086 3236 1192 3299 verbis
1215 3236 1297 3299 ultro

105 3343 252 3421 citroque
274 3339 393 3405 habitis
416 3340 471 3406 ille
494 3340 586 3404 nobis
610 3347 817 3431 consumptus
841 3348 889 3406 est
912 3340 990 3404 dies.

216 3444 294 3509 Post
324 3451 431 3509 autem
454 3456 612 3529 apparatu
644 3448 733 3527 regio
757 3447 881 3531 accepti
912 3463 1088 3510 sermonem
1112 3446 1144 3507 in
1166 3445 1298 3507 multam
1320 3458 1351 3504 vo

104 3555 232 3614 noctem
247 3545 463 3632 produximus,
488 3568 560 3614 cum
575 3568 673 3614 senex
695 3549 774 3614 nihil
797 3552 860 3615 nisi
883 3549 922 3613 de
939 3549 1093 3613 Africano
1116 3549 1299 3630 loqueretur

89 3654 276 3736 omniaque
308 3655 377 3718 eius
409 3673 470 3718 non
501 3653 587 3718 facta
617 3654 728 3735 solum,
767 3653 824 3718 sed
857 3657 953 3718 etiam
977 3652 1063 3718 dicta
1092 3654 1297 3718 meminisset.
1357 3740 1359 3745 .

104 3755 241 3838 Deinde,
280 3758 478 3824 accubitum
502 3758 719 3840 discessimus,
756 3778 807 3822 mc
830 3765 862 3822 ct
886 3757 925 3823 de
949 3760 1001 3822 via
1024 3757 1153 3838 sessum,
1189 3759 1297 3839 etqui

103 3860 145 3926 ad
167 3861 300 3926 multam
322 3870 445 3928 noctem
461 3863 655 3946 vigilassem,
679 3865 776 3928 artior
798 3883 893 3947 quam
910 3862 1032 3929 solebat
1056 3882 1185 3929 somnus
1210 3881 1292 3928 coin·
