2986 4334
161 183 202 248 28
578 183 617 232 De
635 197 661 230 re
680 182 780 246 publiea
798 183 819 238 1,
837 183 949 236 43-45.

108 403 142 452 ss
269 387 336 456 Sed
358 389 437 454 etin
460 387 571 472 regnis
586 387 681 452 nimis
705 393 853 472 expertes
869 393 942 452 sunt
965 388 1063 454 ceteri
1086 388 1276 454 communis
1296 389 1385 454 iuris
1457 430 1458 440 η

158 499 191 558 et
213 492 350 573 consilii,
384 494 472 558 etin
501 491 704 578 optimatium
734 490 899 558 dominatu
922 491 978 558 rix
1012 492 1174 578 particeps
1196 491 1385 560 libertatis

159 603 266 682 potest
290 615 363 662 esse
385 593 565 677 multitudo,
589 595 770 663 cumomni
793 595 926 662 consilio
950 595 1171 662 communiae
1194 603 1385 682 potestate

161 709 276 782 careat,
313 707 439 765 etcum
469 699 577 765 omnia
605 719 664 785 per
693 699 847 786 populum
877 707 1033 784 geruntur
1063 701 1208 784 quamuis
1237 703 1387 767 imnum

161 815 258 890 atque
273 804 482 886 moderatum,
507 811 616 870 tamen
630 805 701 890 ipsa
723 805 936 888 aequabilitas
960 811 1008 870 cst
1022 805 1141 888 iniqua,
1165 827 1237 872 cum
1262 805 1388 872 habet
1468 883 1469 890 ἵ

162 910 267 977 nullos
283 909 403 994 gradm
419 909 596 994 dignitatis.
643 911 757 995 Itaque
780 911 806 976 si
823 911 926 995 Cyrus
948 910 1004 976 iile
1027 911 1142 978 Perses
1163 910 1387 977 iustissimus

161 1015 222 1080 fuit
244 1014 564 1099 sapientissimusque
588 1035 654 1097 rex,
677 1021 785 1080 tamen
805 1015 884 1080 mihi
907 1015 1022 1100 populi
1044 1034 1097 1080 res
1112 1013 1166 1100 (ea
1189 1015 1279 1080 enirn
1311 1023 1383 1081 est.

161 1127 196 1184 ut
219 1118 285 1188 dixi
301 1123 405 1200 antea
430 1117 572 1206 publica)
588 1139 652 1185 non
666 1119 804 1186 maxime
821 1118 1001 1204 expetenda
1023 1118 1125 1186 fuisse
1139 1119 1198 1184 illa
1219 1119 1382 1189 videtur.

161 1243 233 1288 cum
250 1229 415 1306 regeretur
430 1223 525 1289 unius
541 1230 620 1289 nutu
635 1245 674 1290 ao
690 1229 793 1308 motu;
811 1224 839 1288 si
852 1222 1081 1308 Massilienses,
1095 1226 1197 1290 nostri
1212 1223 1381 1304 clientes,

162 1347 219 1412 per
241 1325 384 1394 delectos
419 1333 450 1392 et
473 1327 634 1414 prinsipes
669 1327 755 1394 ciues
779 1348 903 1394 summa
932 1327 1054 1393 iustitia
1076 1333 1240 1412 reguutru,
1275 1328 1381 1394 inest

161 1433 322 1498 tamenin
347 1453 386 1498 ea
409 1431 595 1498 condicione
618 1433 728 1518 populi
744 1431 918 1498 similitudo
941 1431 1101 1515 quaedam
1123 1432 1314 1516 servitutis;
1345 1433 1378 1497 si

161 1535 379 1602 Athenienses
403 1535 595 1618 quibusdam
626 1537 822 1622 temporibus
845 1537 971 1604 sublato
993 1535 1165 1621 Areopago
1191 1535 1273 1602 nihil
1297 1539 1378 1602 nisi

161 1641 273 1726 populi
296 1643 384 1708 scitis
415 1663 453 1708 ac
476 1641 616 1708 decretis
638 1643 788 1726 agebant,
820 1642 969 1726 quoniam
992 1641 1160 1708 distinctos
1192 1640 1374 1726 dignitatis

162 1744 283 1828 gradus
305 1767 369 1812 non
391 1747 563 1828 habebant,
587 1767 650 1813 non
673 1748 804 1814 tenebat
827 1754 971 1812 ornatum
994 1767 1085 1814 suum
1108 1745 1231 1812 civitas.

109 1871 143 1920 44
271 1850 376 1935 Atque
407 1853 468 1918 hoc
499 1854 611 1935 loquor
641 1852 681 1917 de
711 1852 812 1918 tribus
845 1852 897 1916 his
927 1850 1099 1936 generibus
1128 1871 1234 1916 rerum
1256 1851 1369 1936 publi-

163 1975 271 2022 carum
295 1975 359 2021 non
373 1958 508 2023 turbatis
531 1962 627 2039 atque
642 1959 820 2042 permixtis,
843 1955 901 2022 sed
917 1977 1009 2023 snum
1032 1961 1148 2021 statum
1164 1953 1367 2022 tenentibus.
1467 1983 1470 2038 q

164 2061 255 2136 Quae
278 2081 399 2144 genera
420 2061 557 2147 primum
579 2068 654 2127 sunt
676 2064 709 2125 in
732 2064 772 2126 iis
794 2061 923 2143 singula
944 2062 1042 2141 vitiis,
1074 2080 1156 2142 quae
1178 2065 1254 2125 ante
1277 2055 1366 2143 dixi,

163 2165 279 2230 deinde
301 2165 424 2230 habent
447 2168 625 2251 perniciosa
658 2165 723 2229 alia
744 2167 860 2231 vicina.
906 2163 1040 2230 Nullum
1063 2171 1112 2229 est
1147 2163 1231 2230 enim
1253 2183 1366 2246 genus
1467 2177 1470 2258 t

163 2268 289 2334 illarum
319 2289 424 2336 renum
446 2270 658 2356 publicarum,
694 2269 780 2352 quod
802 2288 866 2334 non
899 2267 1020 2335 habeat
1042 2267 1103 2333 iter
1125 2267 1167 2332 ad
1189 2267 1366 2335 finitimum

163 2371 325 2456 quoddam
348 2375 466 2438 malum
489 2394 644 2459 praeceps
666 2393 704 2438 ac
727 2373 893 2439 lubricum.
939 2371 1023 2438 Nam
1046 2369 1094 2436 illi
1117 2375 1197 2454 regi,
1227 2379 1263 2440 ut
1286 2393 1365 2439 eum
1467 2365 1470 2452 l

163 2479 363 2563 potissimum
386 2481 557 2559 nominem,
592 2477 752 2543 tolerabili
786 2485 850 2559 aut,
885 2480 913 2542 si
946 2478 1052 2555 voltis,
1087 2475 1183 2541 etiam
1217 2477 1365 2558 amabili,

165 2583 258 2666 Cyro,
294 2582 403 2646 subest
434 2582 476 2647 ad
506 2581 682 2646 inmutandi
713 2585 813 2647 animi
843 2581 1006 2647 licentiam
1037 2579 1274 2646 crudelissimus
1304 2581 1365 2647 ille

164 2687 322 2767 Phalaris,
354 2689 444 2751 cuins
467 2689 499 2750 in
523 2686 763 2752 similitudinem
787 2686 966 2751 dominatus
990 2687 1083 2751 unius
1106 2683 1241 2772 procliui
1264 2705 1363 2751 cursu

164 2798 196 2856 et
219 2790 314 2856 facile
339 2790 507 2857 delabitur.
547 2790 598 2854 Illi
622 2797 730 2856 autern
753 2791 999 2856 Massiliensium
1022 2809 1195 2876 paucorum
1221 2795 1254 2854 et
1275 2793 1364 2875 prin-

164 2898 270 2978 cipum
303 2893 571 2960 administrationi
606 2898 745 2960 civitatis
780 2894 931 2959 finitimus
968 2902 1016 2960 est
1050 2897 1103 2978 qui
1127 2891 1187 2958 fuit
1221 2892 1363 2977 quadarn

164 3012 308 3084 tempore
331 2991 418 3084 apud
440 2998 656 3064 Athenienses
679 2998 814 3082 triginta
836 2998 974 3062 virorum
998 3017 1171 3063 consensus
1195 3004 1226 3063 et
1250 2997 1363 3066 factio.

163 3102 233 3166 lam
256 3103 499 3168 Atheniensium
533 3103 643 3187 populi
677 3108 871 3188 potestatem
902 3105 1040 3166 omnium
1072 3123 1178 3167 rerum
1208 3101 1281 3188 ipsi,
1320 3125 1364 3170 ne
1470 3155 1471 3170 ,

77 3229 80 3236 “
164 3206 243 3272 alios
259 3211 467 3289 requiramus,
491 3207 533 3272 ad
549 3207 689 3272 furorem
704 3207 916 3272 multitudinis
932 3207 1157 3290 licentiamque
1175 3225 1363 3273 corruersam

165 3309 351 3394 pestiferam
374 3311 513 3376 libertati
537 3331 614 3376 suae
637 3311 855 3377 reddiderunt.

1468 2567 1470 2609 l

764 3452 781 3490 ‘lt

113 3567 146 3616 45
275 3555 346 3620 Miri
362 3563 434 3620 sunt
458 3556 551 3622 orbes
575 3563 606 3622 et
629 3555 719 3639 quasi
736 3559 920 3621 circumitus
944 3559 976 3620 in
998 3556 1092 3622 rebus
1115 3557 1253 3642 publicis
1276 3575 1358 3620 oom-

166 3663 376 3724 mutationnm
400 3666 431 3724 et
445 3659 718 3741 vicissitudinum
743 3681 823 3742 quos
846 3681 918 3724 cum
942 3679 1101 3743 cognosse
1123 3662 1286 3746 sapientis
1300 3666 1358 3738 est,

166 3772 232 3828 tum
247 3784 323 3831 vero
341 3767 524 3850 prospicere
539 3763 762 3849 impendentes
784 3767 818 3828 in
833 3763 1041 3848 gnbcmanda
1059 3783 1094 3828 re
1109 3763 1239 3848 publica
1253 3761 1359 3831 mode-

166 3875 289 3933 rantem
313 3886 440 3933 cursum
470 3874 566 3950 atque
589 3870 622 3932 in
646 3888 705 3932 sua
728 3873 888 3952 potestate
912 3870 1100 3932 retinentem
1124 3871 1233 3951 magni
1257 3867 1358 3933 cuius·
1466 3917 1468 3975 ι
