2986 4334
199 220 241 283 46
600 219 731 268 Somnium
751 220 876 285 Scipionis
894 224 935 276 28.
954 223 995 275 29.

201 432 308 492 seetnr
330 446 391 492 nee
414 447 455 492 ex
478 445 514 492 se
534 426 623 492 aliud
646 427 776 508 creabit,
794 427 951 512 siquidem
965 445 1097 494 neeesse
1120 434 1171 492 est
1192 448 1212 492 a
1233 430 1392 513 principie

198 529 274 594 oriri
297 529 414 596 emnia.
452 530 501 596 Ita
523 529 567 613 ut,
592 537 627 596 ut
642 537 746 596 metus
768 531 960 617 principium
976 551 1016 596 ex
1039 551 1078 596 eo
1102 534 1152 612 sit,
1177 531 1264 614 quod
1286 532 1392 618 ipsum

198 627 277 700 a'se
292 640 455 718 movetur;
480 630 514 700 id
529 640 637 700 autem
660 654 720 700 nee
735 634 824 701 nasei
848 641 955 721 petest
969 653 1029 700 nee
1052 634 1143 714 meri,
1166 633 1218 700 vel
1241 635 1392 701 aeneidat

198 759 291 804 omne
314 739 437 804 eaelum
460 739 624 822 omnisque
648 745 815 804 naturast
838 738 994 804 consistat
1015 757 1148 806 neeesse
1171 745 1219 805 ast
1241 760 1302 806 nea
1326 741 1391 806 vim

146 850 179 903 28
198 843 298 910 ullam
312 842 524 923 nanciscatur,
550 862 614 926 qua
627 864 648 907 a
670 843 771 927 pn'mo
794 843 933 929 impulsa
955 850 1131 910 moveatur.
1178 842 1259 910 Oum
1281 852 1392 929 pateat
1475 813 1477 930 i

198 950 298 1030 igitur
312 954 477 1014 aeternum
499 947 533 1012 id
548 966 630 1029 esse,
655 947 741 1031 qued
764 969 784 1012 a
807 967 841 1012 se
864 951 935 1032 ipse
956 955 1135 1029 moveatur,
1159 947 1230 1031 quis
1252 955 1309 1030 est,
1336 954 1390 1033 qui
1476 935 1477 938 ¹

197 1050 282 1116 bane
302 1057 451 1118 naturam
473 1051 589 1118 animis
612 1071 683 1118 esse
706 1054 857 1119 tributam
879 1055 1000 1136 neget?
1030 1053 1210 1118 Inanimum
1233 1060 1281 1118 est
1304 1056 1391 1118 enim

197 1177 299 1238 eume,
331 1156 418 1240 quod
440 1157 535 1242 pulsu
558 1159 699 1240 agitatur
721 1164 862 1238 externe,
888 1157 973 1241 quod
996 1165 1102 1223 autem
1126 1165 1174 1222 est
1196 1159 1326 1239 animai,
1357 1159 1391 1222 id
1477 1229 1478 1252 ,

197 1269 286 1328 motu
301 1266 404 1328 eietur
425 1259 575 1328 interiore
598 1269 631 1328 et
653 1281 727 1346 su0;
752 1285 826 1328 nam
842 1263 923 1327 haee
945 1269 993 1328 est
1008 1264 1139 1348 propria
1160 1270 1277 1328 natura
1291 1263 1390 1326 animi

197 1375 294 1450 atque
312 1371 381 1432 mis.
429 1366 519 1445 Quae
554 1369 581 1432 si
616 1373 752 1432 estune
786 1387 826 1431 ex
849 1367 1005 1446 omnibus,
1040 1387 1122 1450 quae
1145 1385 1217 1433 sese
1251 1373 1390 1446 moveat,

146 1481 179 1533 29
198 1492 302 1556 neque
335 1483 413 1538 nata
436 1481 522 1538 uerte
552 1478 602 1538 est
624 1479 657 1537 et
679 1479 813 1538 aeterna
843 1480 902 1550 est.
948 1471 1040 1536 Hane
1064 1479 1099 1536 tu
1122 1491 1237 1537 exeree
1260 1470 1390 1556 optimis

197 1577 228 1641 in
253 1578 363 1644 rebus!
400 1577 481 1643 Sunt
503 1584 610 1644 autem
633 1580 772 1663 optimae
796 1597 893 1643 eurae
916 1576 956 1642 de
980 1578 1083 1643 salute
1107 1577 1239 1661 patriae,
1273 1575 1390 1658 quibus

196 1682 338 1764 agitatus
361 1690 392 1747 et
407 1685 599 1748 exercitatus
622 1682 747 1748 animus
766 1682 908 1748 velocius
924 1685 957 1746 in
974 1681 1057 1748 hane
1080 1680 1189 1747 sedem
1206 1687 1237 1746 et
1260 1680 1389 1745 demum
1478 1675 1479 1726 i

198 1804 288 1850 suam
310 1788 504 1871 pervolabit3
540 1788 637 1870 idque
661 1787 751 1854 eeius
774 1785 879 1868 faeiat,
915 1787 943 1852 si
965 1790 1030 1852 iam
1052 1795 1128 1868 tum,
1165 1805 1237 1850 eum
1260 1784 1321 1849 erit
1343 1787 1388 1849 in-

197 1892 306 1956 elusus
329 1895 362 1956 in
385 1911 528 1976 eorpore,
559 1891 711 1957 eminebit
732 1889 820 1958 foras
843 1898 875 1956 et
898 1912 945 1971 ea,
970 1910 1052 1974 quae
1076 1897 1292 1970 extruserunt,
1316 1907 1387 1954 eon-

196 1997 354 2080 tempians
377 2016 473 2080 quam
486 1996 624 2061 maxime
647 2015 717 2062 sea
739 2015 872 2080 corpere
887 1994 1062 2076 abstrahet,
1107 1995 1253 2077 Namque
1277 2013 1386 2058 eorum
1479 2005 1480 2044 ³

196 2100 304 2179 animi,
339 2103 393 2183 qui
427 2120 462 2165 se
496 2103 636 2184 eorporis
670 2099 887 2184 voluptatibus
918 2097 1109 2165 dediderunt
1144 2117 1317 2182 earumque
1352 2115 1387 2162 se

196 2207 288 2287 quasi
311 2209 472 2271 ministres
499 2206 714 2290 praebuerunt
743 2205 947 2289 impulsuque
976 2202 1144 2268 libidinum
1166 2202 1387 2287 vuluptatibus

196 2309 432 2375 oboedientium
455 2310 588 2376 deorum
611 2315 643 2374 et
673 2309 837 2375 hominum
866 2308 937 2372 iura
966 2309 1176 2392 violaverunt,
1203 2307 1388 2391 corporibus

195 2413 297 2499 elapsi
320 2415 438 2480 circum
461 2421 578 2480 terram
601 2415 704 2500 ipsam
726 2413 910 2479 volutantur
933 2433 991 2478 nee
1021 2413 1106 2476 bune
1136 2413 1169 2476 in
1195 2411 1300 2476 laeum
1324 2415 1386 2476 uisi

195 2520 303 2584 multis
327 2519 482 2601 exagitati
506 2518 643 2585 saeculis
665 2524 877 2584 revertuntur.

303 2623 363 2688 Ille
387 2621 544 2703 discessit,
570 2643 630 2706 ege
654 2641 763 2687 somne
786 2622 909 2686 solutus
933 2641 1011 2686 sum.
