2986 4334
587 240 608 296 r,
627 237 641 302 5
659 237 770 290 as-ss.
1237 229 1278 291 63

82 470 208 534 quoque
232 456 318 514 esset
340 449 369 514 ei
393 465 562 511 commune
585 466 657 512 cum
687 448 807 517 bestiis.
853 451 962 516 Habet
994 441 1130 526 primum
1162 461 1278 506 memo·
1297 451 1330 503 57

83 558 173 635 riam,
209 560 241 619 et
275 575 345 618 eam
368 551 532 632 infinitam,
565 573 673 619 rerum
707 555 995 623 innumerabilium,
1030 569 1126 634 quam
1151 545 1278 630 quidem

84 659 176 723 Plato
199 657 452 726 recordationem
475 675 548 722 esse
570 659 639 724 uult
662 660 748 726 vitae
771 660 956 746 superioris.
1001 657 1085 721 Nam
1114 653 1147 716 in
1168 651 1224 715 illo
1248 650 1280 714 li-

84 764 161 845 bro,
177 765 232 846 qui
255 761 438 828 inscribitur
460 761 587 844 Menon,
617 765 785 848 pusionem
816 763 977 848 quendam
1007 761 1157 826 Socrates
1186 756 1280 819 iuter-

84 873 177 951 rogat
199 865 356 949 quaedam
379 866 576 948 geometrica
598 867 639 932 de
662 870 862 935 dimensione
885 865 1040 951 quadrati.
1087 860 1138 926 Ad
1170 881 1209 926 ea
1232 859 1277 924 sic

85 974 141 1038 ille
165 969 344 1054 respondet,
368 977 403 1034 ut
425 989 514 1055 puer,
538 978 691 1039 ettamen
715 975 760 1038 ita
783 973 897 1040 faciles
912 968 1181 1051 interrogationes
1197 971 1280 1031 sunt.

86 1084 119 1142 ut
142 1075 302 1159 gradatim
325 1073 523 1158 respondens
547 1077 661 1142 ecdem
684 1080 859 1162 perveniat,
884 1096 945 1160 quo
969 1077 996 1141 si
1020 1071 1216 1158 geometrica
1238 1067 1282 1131 di-

87 1178 230 1247 dicisset.
275 1179 324 1242 Ex
347 1199 410 1262 quo
434 1178 517 1245 effici
541 1183 609 1245 vult
632 1182 793 1265 Socrates,
817 1190 851 1248 ut
873 1181 998 1246 discere
1020 1177 1101 1243 nihil
1131 1173 1220 1240 aliud
1242 1173 1282 1237 sit

87 1287 149 1350 nisi
171 1283 340 1348 recordari.
387 1281 490 1359 Quem
514 1286 618 1350 locum
642 1288 743 1352 multo
767 1288 864 1352 etiam
887 1284 1066 1350 accuratius
1090 1279 1282 1365 explicatio

88 1412 126 1455 eo
152 1409 307 1467 sermone,
343 1409 438 1469 quem
472 1387 586 1455 habuit
616 1413 654 1455 eo
688 1393 759 1477 ipso
793 1392 854 1472 die,
890 1411 952 1472 quo
986 1389 1125 1453 excessit
1158 1406 1176 1449 e
1209 1383 1283 1448 uita.

88 1495 193 1560 Docet
216 1493 298 1558 enirn
322 1493 478 1574 quremvis,
502 1495 555 1576 qui
590 1497 728 1560 omnium
764 1516 867 1561 rerum
902 1493 988 1558 rudis
1022 1510 1093 1556 esse
1127 1487 1285 1554 videatur.

90 1600 174 1663 bene
197 1598 404 1680 intenoganti
429 1599 677 1682 respondentem
701 1600 863 1665 declarare
897 1619 932 1664 se
965 1616 1028 1660 non
1058 1603 1125 1659 tum
1154 1593 1210 1656 illa
1240 1589 1285 1653 di-

90 1723 191 1783 scere,
217 1701 275 1766 sed
297 1703 531 1767 reminiscendo
555 1723 795 1787 recognoscere,
819 1724 879 1769 nec
905 1723 980 1768 vero
1003 1699 1073 1767 fieri
1105 1693 1286 1762 ullomodo

91 1826 198 1892 posse,
222 1813 256 1870 ut
289 1807 439 1889 apueris
473 1815 519 1872 tot
543 1829 647 1872 rerum
684 1815 780 1892 atque
803 1816 961 1874 tantarum
996 1805 1108 1870 insitas
1142 1808 1174 1866 et
1197 1800 1287 1882 quasi

92 1911 299 1992 consignatas
320 1910 354 1973 in
375 1910 489 1976 arrimis
512 1914 667 1994 notiones,
693 1934 771 1996 quas
794 1915 917 1982 imolae
938 1916 1064 1988 uocant,
1087 1907 1286 1980 haberemus,

94 2015 157 2080 nisi
180 2015 314 2095 animus,
331 2021 406 2078 ante
423 2035 518 2097 quum
543 2017 574 2080 in
599 2037 714 2102 eorpus
731 2020 921 2097 intravisset,
938 2017 970 2078 in
985 2033 1090 2080 rerum
1107 2009 1290 2092 cognitione

95 2121 264 2202 viguisset.
310 2117 452 2201 Cumque
475 2117 554 2184 nihil
571 2127 665 2201 esset,
682 2131 716 2186 ut
740 2123 885 2186 omnibus
900 2119 981 2184 locis
1004 2139 1024 2182 e
1046 2116 1178 2181 Platone
1193 2109 1290 2174 disse·
1309 2124 1343 2177 58

97 2224 178 2288 uitur
201 2261 241 2268 —
265 2222 347 2286 nihil
370 2223 455 2288 enim
477 2223 532 2288 ille
557 2232 647 2308 putat
670 2247 751 2308 esse,
775 2226 860 2308 quod
883 2225 1002 2290 oriatur·
1026 2227 1056 2286 et
1078 2220 1224 2296 intereat,
1248 2213 1291 2277 id·

99 2348 163 2411 que
186 2327 287 2392 solum
311 2344 393 2407 esse,
418 2327 503 2408 quod
527 2349 653 2414 semper
675 2331 740 2394 tale
763 2329 812 2410 sit,
837 2328 930 2411 quale
954 2332 1018 2407 est;
1041 2325 1128 2388 ἰδέαν
1151 2319 1293 2406 appellat

99 2431 164 2512 ille,
187 2449 245 2494 nos
268 2432 417 2514 speciem,
447 2467 484 2476 -
507 2452 571 2496 non
595 2435 698 2515 potuit
714 2435 839 2498 animus
855 2432 935 2496 haec
954 2433 987 2494 in
1002 2446 1136 2512 corpore
1151 2424 1293 2490 inclusus

101 2553 286 2617 agnoscere,
310 2536 440 2617 cognita
463 2536 584 2618 attulit,
611 2557 650 2600 ex
674 2544 824 2620 quotam
854 2536 1025 2600 multarum
1054 2551 1158 2596 rerum
1188 2526 1294 2610 cogni-

102 2637 199 2702 tionis
222 2637 392 2702 admiratio
416 2638 547 2704 tollitur.
592 2639 707 2724 Neque
739 2662 777 2706 ea
806 2641 903 2725 plane
937 2637 1024 2702 videt
1057 2636 1190 2713 animus,
1226 2651 1294 2697 cum

103 2747 235 2826 repente
256 2743 290 2805 in
312 2746 377 2804 tem
400 2742 562 2808 insolitum
586 2752 715 2827 tamque
738 2745 955 2830 perturbatum
986 2739 1180 2806 domicilium
1211 2735 1297 2800 inmi-

105 2845 223 2928 gravit,
246 2845 314 2926 sed,
340 2865 412 2911 cum
438 2865 473 2911 se
497 2848 629 2930 collegit
652 2857 750 2932 atque
773 2847 938 2926 recreavit,
970 2853 1036 2910 tum
1064 2842 1211 2926 agnoscit
1244 2840 1299 2904 illa

106 2949 348 3016 reminiscendo
394 2949 444 3014 Ita
467 2951 547 3014 nihil
570 2960 619 3016 est
642 2951 729 3016 aliud
761 2952 886 3016 discere
915 2950 978 3013 nisi
1012 2945 1180 3012 recordari.
1228 2943 1298 3026 Ego
1317 2955 1350 3006 59

107 3061 215 3118 autem
237 3053 356 3118 maiore
381 3054 476 3119 etiam
500 3055 637 3138 quodam
669 3055 763 3120 modo
793 3054 978 3119 memorium
1012 3051 1157 3115 admiror.
1216 3047 1301 3124 Quid

110 3166 160 3224 est
183 3158 267 3223 enim
291 3158 379 3238 illud,
404 3179 466 3241 quo
489 3160 702 3238 meminimus,
727 3167 783 3224 aut
806 3179 900 3242 quam
922 3157 1021 3222 habet
1043 3154 1107 3218 vim
1140 3159 1195 3218 aut
1218 3151 1303 3216 unde

111 3265 242 3330 natam?
265 3264 338 3328 Non
361 3283 489 3346 quaero,
516 3271 637 3346 quanta
659 3264 813 3330 memoria
836 3261 1016 3328 Simonides
1047 3258 1146 3322 fuisse
1170 3255 1304 3334 dicatur,

113 3373 233 3452 quanta
255 3367 466 3450 Theodectes,
493 3375 612 3451 quanta
634 3368 669 3448 is,
696 3369 750 3450 qui
772 3366 930 3452 aPyrrho
945 3366 1071 3447 legatus
1094 3361 1136 3426 ad
1159 3367 1305 3426 senatum

115 3482 165 3540 est
186 3474 313 3555 missus,
339 3474 464 3554 Cineas,
489 3481 611 3555 quanta
633 3496 735 3560 nuper·
758 3473 965 3553 Chamradas,
991 3477 1119 3552 quanta,
1143 3466 1196 3549 qui
1213 3465 1307 3530 modo

114 3578 185 3658 fuit,
231 3578 384 3663 Scepsius
407 3577 620 3658 Metrodorus,
646 3585 766 3662 quanta
787 3585 896 3642 noster
919 3573 1124 3655 Hortensius;
1156 3571 1196 3635 de
1226 3591 1306 3635 com-

117 3682 206 3747 muni
229 3682 369 3746 omnium
391 3682 543 3748 memoria
565 3683 686 3765 loquor,
712 3689 874 3746 eteorum
898 3677 1044 3756 maxime,
1069 3675 1124 3760 qui
1147 3672 1180 3738 in
1202 3674 1310 3755 aliquo

119 3787 241 3852 maiore
264 3786 371 3851 studio
394 3793 426 3850 et
452 3791 519 3849 arte
543 3791 729 3869 versantur3
756 3804 887 3868 quorum
905 3787 1024 3864 quanta
1045 3799 1136 3844 mens
1159 3779 1209 3855 sit,
1232 3775 1312 3841 diffi-

119 3893 179 3958 cile
203 3897 253 3957 est
275 3889 474 3972 existimare,
499 3889 544 3954 ita
568 3891 667 3954 multa
690 3889 910 3956 meminerunt.

1481 3859 1484 3944 l
