2986 4334
184 207 227 270 40
580 207 712 256 Somnium
731 205 855 272 Scipionis
877 209 985 259 ll—lu.

185 413 296 496 qucxus
328 419 386 476 est.
433 412 495 474 Hic
525 411 603 476 mihi
634 412 744 496 (credo
776 410 924 494 equidem
955 433 994 476 ex
1026 412 1095 493 boc,
1134 411 1219 494 quod
1251 433 1381 478 eramus

183 517 295 600 locuti;
321 515 355 580 lit
379 518 462 580 enim
485 515 563 596 fere,
586 523 621 580 ut
643 518 854 598 cogitationes
878 533 1104 598 sermonesque
1126 519 1227 582 nostri
1250 519 1383 600 pariant

182 621 305 703 aliquid
328 623 360 684 in
384 639 495 684 somno
519 621 593 700 tale,
618 621 713 704 quale
737 617 778 684 de
794 620 935 684 Homero
959 621 1069 686 scribit
1091 619 1223 700 Ennius,
1248 621 1290 686 de
1314 641 1382 704 quo

183 724 333 788 videlicet
349 727 538 808 saepissime
561 725 700 807 vigilans
715 725 841 790 solebat
863 727 1007 808 cogitare
1030 733 1063 790 et
1085 725 1186 806 loqui)
1204 725 1382 790 Africanus

183 849 218 893 se
241 827 381 892 ostendit
403 848 442 893 ea
464 828 575 908 forma,
600 849 681 911 quae
704 828 782 894 mihi
805 848 845 893 ex
868 831 1010 913 imagine
1033 832 1103 894 eius
1126 849 1221 912 quam
1243 849 1284 894 ex
1307 833 1382 914 ipso

183 939 251 997 erat
274 936 392 1018 uoti0r;
417 953 511 1016 quem
533 935 586 998 ubi
602 939 729 1018 agnovi,
754 933 903 1018 equidem
920 934 1077 1014 cohorrui,
1101 932 1159 1000 sed
1180 935 1251 999 ille:
1276 934 1382 1019 Ades,

184 1039 297 1118 inquit,
320 1040 427 1104 animo
451 1046 483 1104 et
506 1042 616 1104 omitte
638 1041 793 1120 timorem,
829 1039 947 1124 Scipio,
972 1045 1012 1118 et,
1038 1058 1121 1122 qnae
1145 1038 1260 1120 dicam,
1285 1039 1382 1105 trade

183 1145 364 1207 memoriae.

136 1249 162 1298 11
294 1247 436 1312 Videsne
459 1249 546 1313 illam
569 1249 688 1329 urbem,
713 1268 794 1330 quae
819 1269 931 1333 parere
954 1250 1074 1333 populo
1098 1249 1240 1314 Romano
1264 1255 1383 1313 coacta

184 1371 241 1434 per
265 1372 314 1416 me
338 1359 473 1418 renovat
502 1355 636 1438 pristina
657 1353 744 1418 bella
765 1373 826 1417 nec
848 1359 955 1438 potest
977 1356 1142 1436 quiescere
1173 1353 1382 1434 (ostendebat

184 1464 289 1520 autem
320 1456 554 1542 Karthaginem
584 1457 625 1522 de
656 1459 783 1523 excelso
812 1465 844 1522 et
873 1459 969 1543 pleno
1001 1459 1163 1524 stellarum
1192 1459 1310 1522 illustri
1345 1465 1381 1522 et

184 1561 270 1624 claro
287 1560 422 1642 quodam
439 1561 548 1648 loco)?
573 1561 624 1626 Ad
640 1582 736 1644 quam
751 1569 786 1627 tu
802 1563 1050 1647 oppugnandam
1066 1583 1150 1628 nunc
1166 1563 1257 1627 venis
1272 1581 1379 1646 paene

183 1665 285 1742 miles,
310 1665 392 1729 hanc
423 1666 485 1730 hoc
515 1667 643 1732 biennio
667 1668 779 1732 consul
810 1673 947 1747 evertes,
983 1669 1107 1750 eritque
1130 1667 1311 1750 cognomen
1342 1667 1379 1731 id

183 1769 241 1831 tibi
271 1788 329 1850 per
358 1776 390 1834 te
421 1776 555 1854 partum,
587 1771 673 1853 quod
704 1771 802 1837 habes
834 1771 982 1836 adhuca
1011 1772 1104 1836 nobis
1136 1770 1376 1840 hereditarium.

184 1869 264 1936 Oum
287 1879 393 1937 autem
408 1874 643 1958 Karthaginem
666 1875 835 1956 deleveris,
859 1875 1051 1960 triumphum
1071 1878 1176 1958 egeris
1198 1895 1378 1958 censorque

183 1974 282 2041 fueris
306 1983 338 2042 et
360 1979 477 2044 obieris
499 1980 625 2062 legatus
649 1979 843 2064 Aegyptum,
876 1979 1013 2063 Syriam,
1045 1979 1164 2060 Asiam,
1195 1979 1376 2062 Graeciam,

183 2080 325 2162 deligere
359 2085 473 2147 iterum
508 2085 619 2148 consul
653 2083 771 2148 absens
804 2083 987 2165 bellumque
1017 2085 1190 2148 maximum
1214 2081 1375 2164 conficies,

183 2185 388 2251 Numantiam
421 2187 583 2252 excludes.
630 2187 696 2252 Sed
726 2207 797 2251 cum
828 2190 891 2252 eris
922 2207 1015 2252 curru
1045 2190 1077 2251 in
1109 2188 1300 2272 Capitolium
1331 2191 1376 2252 in-

183 2295 304 2372 vectus,
329 2291 472 2357 offendes
487 2313 554 2357 rem
578 2293 738 2376 publicam
755 2293 898 2356 consiliis
917 2293 1134 2376 perturbatam
1149 2295 1277 2378 nepotis
1300 2295 1372 2358 mei.

134 2421 164 2469 12
291 2413 352 2477 Hic
376 2421 419 2494 tu,
448 2414 608 2495 Africano,
633 2413 784 2478 ostendas
808 2413 968 2498 oportebit
990 2417 1112 2498 patriae
1135 2416 1243 2480 lumen
1264 2417 1374 2494 animi,

183 2519 304 2597 ingenii
328 2519 515 2599 consiliique
538 2521 593 2582 tui.
629 2516 694 2582 Sed
709 2520 778 2582 eius
802 2519 954 2601 temporis
969 2519 1143 2602 ancipitem
1165 2517 1259 2583 video
1283 2522 1375 2602 quasi

183 2619 319 2684 fatorum
341 2623 434 2685 viam.
481 2621 566 2687 Nam
591 2641 662 2685 cum
692 2629 782 2686 aetas
805 2630 860 2686 tua
890 2628 1038 2705 septenos
1069 2625 1192 2690 octiens
1222 2623 1299 2688 solis
1323 2645 1375 2687 an-

183 2724 303 2788 fractus
326 2724 511 2806 reditusque
535 2728 738 2806 converterit,
762 2726 889 2808 duoque
912 2726 946 2790 hi
968 2729 1100 2807 numeri,
1136 2747 1271 2810 quorum
1292 2734 1376 2792 uter-

183 2849 245 2908 que
268 2829 382 2911 plenus
406 2829 486 2894 alter
508 2831 610 2894 altera
632 2829 672 2894 de
689 2849 787 2894 causa
809 2829 954 2910 habetur,
978 2833 1111 2896 circuitu
1134 2831 1271 2897 naturali
1293 2849 1376 2896 sum-

183 2954 267 2996 mam
294 2933 351 2996 tibi
375 2933 505 2998 fatalem
521 2933 727 3015 confecerint,
751 2937 782 2998 iu
800 2940 831 3000 te
854 2954 952 2999 unum
975 2942 1070 3017 atque
1093 2938 1126 3000 in
1149 2944 1238 3000 tuum
1260 2953 1377 3002 nomen

183 3057 217 3101 se
240 3043 307 3102 tota
331 3044 496 3102 convertet
520 3041 642 3118 civitas,
666 3045 698 3104 te
715 3045 855 3119 senatus,
879 3045 910 3103 te
934 3059 1043 3104 omnes
1066 3041 1151 3120 boui,
1175 3047 1206 3104 te
1229 3041 1319 3120 socii,
1344 3047 1377 3104 te

183 3141 288 3205 Latini
311 3143 526 3222 intuebuntur,
558 3150 592 3206 tu
616 3145 679 3207 eris
702 3162 794 3224 unus,
825 3145 857 3206 in
881 3162 943 3224 quc
967 3147 1085 3208 nitatur
1108 3146 1245 3209 civitatis
1276 3143 1376 3224 salus,

134 3229 136 3238 ¹
183 3264 229 3324 ac,
247 3265 287 3309 ne
303 3247 411 3326 multa,
429 3246 566 3310 dictator
580 3247 821 3330 rempublicam
837 3251 1014 3312 constituas
1031 3248 1199 3332 oportebit,
1216 3251 1243 3312 si
1258 3250 1376 3332 impias
1475 3261 1476 3302 f

183 3351 432 3432 propinquorum
455 3371 566 3415 manus
583 3351 743 3434 effugeris.
769 3351 831 3416 Hic
848 3371 919 3416 cum
943 3354 1155 3417 exclamasset
1178 3352 1307 3418 Laelius
1330 3355 1377 3416 in·
1475 3373 1476 3378 ¹

183 3455 444 3535 gemuissentque
466 3455 688 3520 vehementius
712 3458 819 3536 ceteri,
855 3457 968 3521 leniter
990 3455 1134 3521 arridens
1160 3457 1285 3541 Scipio:
1320 3455 1372 3522 St!

183 3575 311 3638 quaeso,
324 3559 435 3639 inquit,
448 3578 488 3622 ne
503 3579 554 3623 me
570 3580 587 3623 e
604 3578 714 3624 somno
731 3562 885 3639 excitetis,
899 3567 930 3624 et
945 3579 1115 3646 parumper
1131 3560 1239 3626 audite
1255 3566 1374 3626 cetera.
1475 3603 1476 3626 2

132 3692 163 3740 13
251 3760 252 3764 Ἰ
292 3677 357 3742 Sed
380 3699 442 3759 quo
459 3679 513 3758 sis,
537 3680 699 3758 Africane,
722 3680 858 3745 alacrior
873 3683 916 3745 ad
931 3683 1099 3748 tutandam
1122 3683 1375 3768 rempublicam,

183 3783 230 3846 sic
253 3781 387 3847 habeto:
427 3782 586 3862 omnibus,
621 3784 675 3867 qui
706 3783 843 3867 patriam
873 3787 1141 3869 conservaverint,
1181 3786 1377 3868 adiuverint,

183 3886 339 3972 auxerint,
366 3893 489 3954 certum
512 3905 583 3952 esse
606 3885 639 3951 in
663 3888 752 3952 caelo
775 3887 942 3954 definitum
964 3890 1080 3971 locum,
1105 3891 1160 3955 ubi
1182 3890 1269 3957 beati
1292 3911 1375 3957 aevo
1475 3931 1476 3936 κ
