2986 4334
205 259 247 322 38
620 257 660 306 De
678 271 704 306 re
722 256 822 322 publica
841 255 862 316 1,
881 259 923 310 oa
942 257 985 312 70.

207 467 283 548 quia
305 467 430 552 privato
454 473 528 532 suut
552 466 690 550 oppositi
717 467 855 533 timores,
883 463 999 528 dantur
1022 463 1156 546 imperia
1186 469 1217 527 et
1240 484 1281 528 ea
1305 468 1402 530 conti·

208 575 353 641 nuantur,
392 567 561 654 praesidiis
593 570 700 648 etiam,
740 573 773 631 ut
804 566 937 633 Athenis
969 567 1165 648 Pisistratus,
1201 571 1402 653 saepiuntur.

207 679 375 758 postremo,
392 694 412 736 a
427 673 542 754 quibus
559 671 705 757 producti
718 679 801 741 sunt.
819 674 960 737 existunt
976 691 1082 736 eorum
1099 673 1240 756 ipsorum
1256 677 1403 755 tyranni3

207 797 285 860 curos
308 779 334 842 si
358 777 432 842 boni
463 783 701 862 oppresserunt,
739 784 774 840 ut
797 795 896 860 saepe
919 775 963 857 iit,
998 781 1159 840 recreatur
1182 777 1314 861 civitas;
1358 781 1405 842 sin

206 879 356 962 audaces,
380 881 415 946 iit
437 881 493 946 illa
508 879 617 962 factio,
642 899 744 963 genus
762 879 850 944 aliud
866 887 1083 964 tyrannorum,
1108 878 1288 963 eademque
1305 884 1408 946 oritur

207 987 302 1052 etiam
326 1005 365 1050 ex
389 986 445 1050 illo
468 1005 567 1070 saepe
583 987 785 1070 optimatium
808 976 975 1069 praeclaro
999 989 1094 1066 statu,
1119 1003 1190 1048 cum
1206 986 1299 1069 ipsos
1322 989 1408 1070 prin·

209 1092 296 1174 cipcs
312 1091 420 1173 aliqua
443 1093 586 1175 pravitas
602 1089 642 1153 de
665 1092 719 1154 via
734 1087 874 1154 deflexit
911 1087 965 1154 Sic
980 1094 1144 1171 tamquam
1159 1089 1259 1172 pilam
1271 1092 1409 1178 rapiunt

209 1197 290 1260 inter
312 1213 348 1259 se
377 1194 595 1278 reipublicae
626 1199 744 1258 statum
766 1196 896 1277 tyranni
925 1193 967 1258 ab
989 1193 1130 1276 regibus,
1169 1192 1210 1256 ab
1233 1194 1273 1255 iis
1298 1199 1409 1258 autem

209 1301 369 1383 principes
400 1303 455 1362 aut
477 1299 597 1382 populi,
637 1298 795 1380 aquibus
819 1303 874 1362 aut
905 1297 1060 1362 factiones
1083 1303 1139 1360 aut
1164 1297 1304 1380 tyranni,
1345 1317 1409 1361 nec

209 1403 329 1468 diutius
352 1423 503 1484 umquam
525 1397 653 1467 tenetur
674 1401 759 1466 idem
783 1404 830 1466 rei
853 1403 1001 1486 publicae
1025 1399 1147 1466 modus.

157 1520 190 1568 (ῑῖ)
319 1524 413 1601 Quod
428 1527 473 1588 ita
496 1543 568 1589 cum
585 1526 635 1606 sit,
659 1543 699 1588 ex
715 1523 816 1588 tribus
831 1525 943 1608 primis
966 1523 1137 1606 generibus
1153 1505 1247 1605 longe
1262 1531 1409 1606 praestat

211 1649 281 1694 mea
305 1631 464 1694 sententia
486 1630 620 1710 regium,
645 1630 735 1710 regio
758 1634 866 1692 autern
881 1629 943 1711 ipsi
966 1626 1143 1711 praestabit
1164 1624 1208 1706 id,
1233 1625 1321 1708 quod
1345 1630 1407 1691 erit

210 1738 381 1816 aequatum
412 1739 444 1796 et
473 1738 686 1815 temperatum
717 1731 882 1796 extribus
913 1732 1042 1815 optimis
1072 1750 1178 1795 rerum
1206 1731 1408 1815 publicarum

210 1837 321 1904 modis.
367 1835 479 1901 Placet
501 1837 586 1900 enim
616 1853 686 1899 esse
718 1833 869 1918 quiddam
899 1837 933 1899 in
956 1855 990 1899 re
1020 1835 1150 1920 publica
1179 1842 1350 1920 praestans
1376 1842 1408 1900 et
1444 1859 1447 1867 ·

209 1942 328 2024 regale,
349 1959 421 2006 esse
445 1939 533 2005 aliud
555 1941 736 2005 auctoritati
758 1942 938 2025 principum
961 1943 1156 2026 impartitum
1179 1960 1217 2004 ac
1239 1939 1404 2018 tributum,

210 2067 280 2113 csse
314 2044 469 2129 quasdam
502 2065 554 2110 res
592 2051 737 2110 servatas
770 2043 889 2110 iudicio
927 2046 1148 2125 voluntatique
1181 2043 1404 2109 multitudinis.

210 2151 299 2216 Haec
322 2152 507 2216 constitutio
524 2152 659 2234 primum
674 2149 771 2215 habet
786 2150 1046 2232 aequabilitatem
1062 2147 1223 2230 quandam
1238 2169 1405 2232 magnam,

210 2275 272 2338 qua
296 2275 403 2320 carere
426 2253 546 2320 diutius
570 2257 624 2318 vix
640 2261 775 2339 possunt
790 2254 891 2336 liberi,
916 2253 1032 2318 deinde
1047 2250 1281 2316 firmitudinem.
1308 2251 1408 2329 Quod
1479 2297 1480 2338 3

210 2367 242 2424 et
264 2361 320 2424 illa
342 2362 444 2444 prima
460 2359 555 2426 facile
578 2362 611 2425 in
629 2361 787 2424 contraria
809 2360 889 2422 vitia
904 2362 1139 2438 convertuntur,
1164 2363 1199 2421 ut
1222 2357 1340 2421 existat
1364 2378 1409 2421 ex
1479 2353 1480 2388 ³

209 2483 287 2548 rege
310 2463 465 2542 dominus,
491 2486 529 2529 ex
546 2463 755 2550 optimatibus
769 2463 878 2542 factio,
903 2482 943 2527 ex
958 2462 1076 2546 populo
1092 2461 1185 2526 turba
1200 2466 1232 2524 et
1248 2459 1409 2539 confusio,

210 2567 358 2650 (quodque
387 2569 459 2652 ipsa
483 2573 602 2650 genera
625 2568 797 2652 generibus
820 2587 917 2652 saepe
947 2572 1181 2632 commutantur
1202 2567 1305 2645 novis,
1344 2563 1410 2630 hoc
1479 2555 1480 2628 l

210 2675 243 2735 iu
265 2671 328 2736 bac
349 2673 460 2735 iuncta
482 2671 710 2754 moderateque
733 2675 891 2755 permixta
908 2670 1162 2736 conformatione
1184 2671 1231 2734 rei
1253 2669 1409 2752 publicae
1479 2677 1480 2758 f

210 2796 275 2840 uon
299 2775 399 2839 ferme
423 2776 492 2839 sine
521 2777 648 2858 magnis
671 2777 848 2860 principum
880 2777 967 2838 vitiis
991 2777 1105 2840 evenit.
1151 2772 1226 2839 Non
1249 2777 1299 2837 est
1321 2776 1409 2837 enim
1479 2781 1480 2788 ’

212 2899 309 2946 causa
332 2879 559 2960 conversionis,
586 2880 641 2944 ubi
664 2881 697 2944 in
721 2899 777 2944 suo
802 2881 936 2960 quisque
960 2885 1009 2943 est
1032 2879 1133 2962 gradu
1157 2877 1289 2942 firmiter
1311 2878 1408 2943 collo·

211 2991 301 3052 catus
325 2992 356 3049 et
379 3005 443 3049 nou
466 2985 584 3065 subest,
609 3005 670 3066 quo
693 2985 885 3068 praecipitet
908 3003 946 3046 ac
969 2983 1106 3048 decidat.

160 3100 192 3146 7⁰
320 3106 387 3174 Sed
409 3127 532 3186 vereor,
568 3106 657 3170 Laeli
680 3125 800 3186 vosque
823 3105 968 3170 homines
1000 3107 1186 3170 amicissimi
1210 3123 1248 3167 ao
1270 3102 1410 3187 pruden-
1479 3081 1480 3096 ¹

210 3215 334 3292 tissimi,
359 3232 409 3292 ue,
434 3213 461 3275 si
485 3209 603 3274 diutius
627 3212 660 3274 in
683 3210 744 3273 hoo
768 3228 888 3292 genere
911 3227 1031 3290 verser,
1064 3211 1156 3292 quasi
1178 3207 1410 3294 praecipientis

211 3315 377 3380 cuiusdam
401 3323 433 3379 et
456 3315 601 3379 docentis
626 3320 743 3378 cinon
766 3313 932 3379 vobiscum
957 3315 1050 3378 simul
1075 3312 1308 3378 considerantis
1330 3331 1408 3378 esse

211 3419 358 3484 videatur
380 3423 481 3485 oratio
506 3439 586 3484 mea.
634 3419 737 3495 Quam
761 3419 801 3484 ob
823 3439 890 3482 rem
913 3417 1076 3500 ingrediar
1097 3421 1130 3482 in
1154 3437 1201 3496 ea,
1225 3434 1308 3498 quae
1331 3421 1410 3479 nota

212 3531 285 3588 sum
307 3523 462 3604 omnibus,
487 3525 633 3606 quaesita
656 3529 762 3587 antem
785 3543 804 3586 a
826 3521 919 3586 nobis
941 3524 1006 3584 iam
1029 3519 1093 3584 diu.
1118 3519 1171 3584 Sic
1195 3521 1279 3584 enim
1301 3516 1411 3582 decer·-

215 3650 264 3707 uo,
304 3630 350 3692 sio
374 3631 486 3709 sentio,
526 3631 572 3692 sio
595 3625 738 3706 adfirmo,
775 3627 895 3690 nullam
919 3626 1058 3689 omnium
1082 3623 1409 3708 rerumpublicarum

214 3740 268 3796 aut
285 3734 510 3797 constitutione
534 3738 591 3797 aut
606 3731 812 3814 discuptione
834 3736 889 3794 aut
905 3727 1074 3814 disciplina
1090 3727 1314 3793 conferendam
1338 3745 1411 3792 esse

212 3855 348 3917 cumea,
374 3856 469 3919 quam
485 3842 592 3920 patres
607 3837 708 3900 nostri
723 3835 815 3899 nobis
839 3840 1003 3918 acceptam
1019 3834 1082 3897 iam
1102 3831 1211 3896 iudea
1233 3830 1408 3895 maioribus

211 3942 415 4024 reliquerunt.
464 3939 576 4021 Quam,
600 3943 627 4005 si
649 3939 765 4024 placet,
796 3940 945 4021 quoniam
969 3957 1017 4018 ea,
1050 3956 1132 4020 quae
1154 3934 1315 4016 tenebatis·
1333 3935 1405 4018 ipsi,
