<?xml version="1.0" encoding="UTF-8"?>
<!DOCTYPE html PUBLIC "-//W3C//DTD XHTML 1.0 Transitional//EN"
    "http://www.w3.org/TR/xhtml1/DTD/xhtml1-transitional.dtd">
<html xmlns="http://www.w3.org/1999/xhtml" xml:lang="en" lang="en">
 <head>
  <title>
</title>
<meta http-equiv="Content-Type" content="text/html;charset=utf-8" />
  <meta name='ocr-system' content='tesseract 3.04.00' />
  <meta name='ocr-capabilities' content='ocr_page ocr_carea ocr_par ocr_line ocrx_word'/>
</head>
<body>
  <div class='ocr_page' id='page_1' title='image "auscicerosphilo00cicegoog_0045.png"; bbox 0 0 2986 4334; ppageno 0'>
   <div class='ocr_carea' id='block_1_1' title="bbox 529 206 1301 284">
    <p class='ocr_par' dir='ltr' id='par_1_1' title="bbox 529 206 1301 284">
     <span class='ocr_line' id='line_1_1' title="bbox 529 206 1301 284; baseline 0.022 -18"><span class='ocrx_word' id='word_1_1' title='bbox 529 217 568 268; x_wconf 85' lang='lat' dir='ltr'>De</span> <span class='ocrx_word' id='word_1_2' title='bbox 585 235 611 268; x_wconf 88' lang='lat' dir='ltr'>re</span> <span class='ocrx_word' id='word_1_3' title='bbox 630 206 729 284; x_wconf 75' lang='lat' dir='ltr'>publlca</span> <span class='ocrx_word' id='word_1_4' title='bbox 747 220 767 276; x_wconf 88' lang='grc' dir='ltr'>Ι,</span> <span class='ocrx_word' id='word_1_5' title='bbox 787 221 898 274; x_wconf 78' lang='grc'><strong>52-54.</strong></span> <span class='ocrx_word' id='word_1_6' title='bbox 1262 220 1301 284; x_wconf 84' lang='grc'>31</span> 
     </span>
    </p>
   </div>
   <div class='ocr_carea' id='block_1_2' title="bbox 110 424 1357 930">
    <p class='ocr_par' dir='ltr' id='par_1_2' title="bbox 110 424 1357 930">
     <span class='ocr_line' id='line_1_2' title="bbox 110 424 1305 512; baseline -0.003 -18"><span class='ocrx_word' id='word_1_7' title='bbox 110 433 187 494; x_wconf 88' lang='lat' dir='ltr'>sunt</span> <span class='ocrx_word' id='word_1_8' title='bbox 210 432 242 492; x_wconf 87' lang='lat' dir='ltr'>et</span> <span class='ocrx_word' id='word_1_9' title='bbox 263 425 431 492; x_wconf 90' lang='lat' dir='ltr'>insolentis</span> <span class='ocrx_word' id='word_1_10' title='bbox 454 427 634 512; x_wconf 80' lang='lat' dir='ltr'>superbiae,</span> <span class='ocrx_word' id='word_1_11' title='bbox 659 446 719 492; x_wconf 89' lang='lat' dir='ltr'>neo</span> <span class='ocrx_word' id='word_1_12' title='bbox 742 426 808 491; x_wconf 90' lang='lat' dir='ltr'>ulla</span> <span class='ocrx_word' id='word_1_13' title='bbox 823 424 997 493; x_wconf 82' lang='lat' dir='ltr'>deformior</span> <span class='ocrx_word' id='word_1_14' title='bbox 1018 426 1143 512; x_wconf 82' lang='lat' dir='ltr'>speeies</span> <span class='ocrx_word' id='word_1_15' title='bbox 1167 433 1217 494; x_wconf 88' lang='lat' dir='ltr'>est</span> <span class='ocrx_word' id='word_1_16' title='bbox 1232 425 1305 493; x_wconf 86' lang='lat' dir='ltr'>eivi-</span> 
     </span>
     <span class='ocr_line' id='line_1_3' title="bbox 110 529 1357 617; baseline -0.002 -20"><span class='ocrx_word' id='word_1_17' title='bbox 110 533 191 598; x_wconf 87' lang='lat' dir='ltr'>tatis</span> <span class='ocrx_word' id='word_1_18' title='bbox 213 551 310 616; x_wconf 91' lang='lat' dir='ltr'>quam</span> <span class='ocrx_word' id='word_1_19' title='bbox 333 530 397 611; x_wconf 89' lang='lat' dir='ltr'>illa,</span> <span class='ocrx_word' id='word_1_20' title='bbox 430 530 463 596; x_wconf 89' lang='lat' dir='ltr'>in</span> <span class='ocrx_word' id='word_1_21' title='bbox 486 551 550 614; x_wconf 83' lang='lat' dir='ltr'>qua</span> <span class='ocrx_word' id='word_1_22' title='bbox 579 529 817 616; x_wconf 79' lang='lat' dir='ltr'>opulentissimi</span> <span class='ocrx_word' id='word_1_23' title='bbox 840 531 952 616; x_wconf 89' lang='lat' dir='ltr'>optimi</span> <span class='ocrx_word' id='word_1_24' title='bbox 978 537 1142 617; x_wconf 87' lang='lat' dir='ltr'>putantur.</span> <span class='ocrx_word' id='word_1_25' title='bbox 1176 530 1304 597; x_wconf 77' lang='lat' dir='ltr'>Virtute</span> <span class='ocrx_word' id='word_1_26' title='bbox 1324 556 1357 606; x_wconf 76' lang='lat'>52</span> 
     </span>
     <span class='ocr_line' id='line_1_4' title="bbox 110 634 1305 721; baseline -0.002 -20"><span class='ocrx_word' id='word_1_27' title='bbox 110 655 190 702; x_wconf 87' lang='lat' dir='ltr'>vero</span> <span class='ocrx_word' id='word_1_28' title='bbox 223 635 425 718; x_wconf 80' lang='lat' dir='ltr'>gubernante</span> <span class='ocrx_word' id='word_1_29' title='bbox 448 655 516 701; x_wconf 92' lang='lat' dir='ltr'>rem</span> <span class='ocrx_word' id='word_1_30' title='bbox 549 635 709 721; x_wconf 89' lang='lat' dir='ltr'>publioam</span> <span class='ocrx_word' id='word_1_31' title='bbox 733 635 810 719; x_wconf 91' lang='lat' dir='ltr'>quid</span> <span class='ocrx_word' id='word_1_32' title='bbox 843 642 951 720; x_wconf 90' lang='lat' dir='ltr'>potest</span> <span class='ocrx_word' id='word_1_33' title='bbox 981 654 1053 702; x_wconf 89' lang='lat' dir='ltr'>esse</span> <span class='ocrx_word' id='word_1_34' title='bbox 1084 634 1305 720; x_wconf 84' lang='lat' dir='ltr'>praeclarius?</span> 
     </span>
     <span class='ocr_line' id='line_1_5' title="bbox 112 735 1305 826; baseline -0.002 -20"><span class='ocrx_word' id='word_1_35' title='bbox 112 761 187 806; x_wconf 87' lang='lat' dir='ltr'>eum</span> <span class='ocrx_word' id='word_1_36' title='bbox 209 740 248 818; x_wconf 93' lang='lat' dir='ltr'>is,</span> <span class='ocrx_word' id='word_1_37' title='bbox 268 739 324 822; x_wconf 92' lang='lat' dir='ltr'>qui</span> <span class='ocrx_word' id='word_1_38' title='bbox 345 739 482 825; x_wconf 90' lang='lat' dir='ltr'>imperat</span> <span class='ocrx_word' id='word_1_39' title='bbox 498 735 578 821; x_wconf 87' lang='lat' dir='ltr'>aliis,</span> <span class='ocrx_word' id='word_1_40' title='bbox 604 739 704 806; x_wconf 87' lang='lat' dir='ltr'>servit</span> <span class='ocrx_word' id='word_1_41' title='bbox 725 740 796 826; x_wconf 90' lang='lat' dir='ltr'>ipse</span> <span class='ocrx_word' id='word_1_42' title='bbox 815 737 895 804; x_wconf 93' lang='lat' dir='ltr'>nulli</span> <span class='ocrx_word' id='word_1_43' title='bbox 918 739 1096 826; x_wconf 81' lang='lat' dir='ltr'>cupiditati,</span> <span class='ocrx_word' id='word_1_44' title='bbox 1120 759 1201 821; x_wconf 89' lang='lat' dir='ltr'>oum,</span> <span class='ocrx_word' id='word_1_45' title='bbox 1225 758 1305 823; x_wconf 89' lang='lat' dir='ltr'>quas</span> 
     </span>
     <span class='ocr_line' id='line_1_6' title="bbox 111 837 1306 930; baseline 0.001 -21"><span class='ocrx_word' id='word_1_46' title='bbox 111 843 156 909; x_wconf 86' lang='lat' dir='ltr'>ad</span> <span class='ocrx_word' id='word_1_47' title='bbox 174 863 227 910; x_wconf 89' lang='lat' dir='ltr'>res</span> <span class='ocrx_word' id='word_1_48' title='bbox 247 837 334 908; x_wconf 82' lang='lat' dir='ltr'>aives</span> <span class='ocrx_word' id='word_1_49' title='bbox 349 843 487 908; x_wconf 86' lang='lat' dir='ltr'>instituit</span> <span class='ocrx_word' id='word_1_50' title='bbox 502 849 535 909; x_wconf 92' lang='lat' dir='ltr'>et</span> <span class='ocrx_word' id='word_1_51' title='bbox 550 851 653 925; x_wconf 79' lang='lat' dir='ltr'>nouat,</span> <span class='ocrx_word' id='word_1_52' title='bbox 670 864 726 910; x_wconf 90' lang='lat' dir='ltr'>eas</span> <span class='ocrx_word' id='word_1_53' title='bbox 751 862 862 910; x_wconf 86' lang='lat' dir='ltr'>omnes</span> <span class='ocrx_word' id='word_1_54' title='bbox 881 843 1066 928; x_wconf 83' lang='lat' dir='ltr'>oomplexus</span> <span class='ocrx_word' id='word_1_55' title='bbox 1082 850 1132 910; x_wconf 93' lang='lat' dir='ltr'>est</span> <span class='ocrx_word' id='word_1_56' title='bbox 1153 843 1224 930; x_wconf 92' lang='lat' dir='ltr'>ipse</span> <span class='ocrx_word' id='word_1_57' title='bbox 1246 865 1306 910; x_wconf 89' lang='lat' dir='ltr'>neo</span> 
     </span>
    </p>
   </div>
   <div class='ocr_carea' id='block_1_3' title="bbox 111 946 1364 3123">
    <p class='ocr_par' dir='ltr' id='par_1_3' title="bbox 111 946 1364 3123">
     <span class='ocr_line' id='line_1_7' title="bbox 111 946 1307 1034; baseline 0.002 -22"><span class='ocrx_word' id='word_1_58' title='bbox 111 949 204 1032; x_wconf 89' lang='lat' dir='ltr'>leges</span> <span class='ocrx_word' id='word_1_59' title='bbox 233 947 369 1032; x_wconf 89' lang='lat' dir='ltr'>imponit</span> <span class='ocrx_word' id='word_1_60' title='bbox 399 947 526 1034; x_wconf 89' lang='lat' dir='ltr'>populo,</span> <span class='ocrx_word' id='word_1_61' title='bbox 552 948 666 1031; x_wconf 87' lang='lat' dir='ltr'>quibus</span> <span class='ocrx_word' id='word_1_62' title='bbox 689 949 760 1034; x_wconf 85' lang='lat' dir='ltr'>ipse</span> <span class='ocrx_word' id='word_1_63' title='bbox 782 969 845 1014; x_wconf 93' lang='lat' dir='ltr'>non</span> <span class='ocrx_word' id='word_1_64' title='bbox 867 955 988 1034; x_wconf 91' lang='lat' dir='ltr'>pareat,</span> <span class='ocrx_word' id='word_1_65' title='bbox 1013 946 1072 1014; x_wconf 91' lang='lat' dir='ltr'>sed</span> <span class='ocrx_word' id='word_1_66' title='bbox 1094 967 1186 1014; x_wconf 90' lang='lat' dir='ltr'>suarn</span> <span class='ocrx_word' id='word_1_67' title='bbox 1208 948 1307 1014; x_wconf 88' lang='lat' dir='ltr'>vitam</span> 
     </span>
     <span class='ocr_line' id='line_1_8' title="bbox 112 1051 1307 1137; baseline 0.001 -19"><span class='ocrx_word' id='word_1_68' title='bbox 112 1060 149 1118; x_wconf 92' lang='lat' dir='ltr'>ut</span> <span class='ocrx_word' id='word_1_69' title='bbox 172 1053 279 1136; x_wconf 90' lang='lat' dir='ltr'>legem</span> <span class='ocrx_word' id='word_1_70' title='bbox 309 1051 451 1137; x_wconf 89' lang='lat' dir='ltr'>praefert</span> <span class='ocrx_word' id='word_1_71' title='bbox 474 1052 541 1118; x_wconf 90' lang='lat' dir='ltr'>suis</span> <span class='ocrx_word' id='word_1_72' title='bbox 571 1053 704 1120; x_wconf 89' lang='lat' dir='ltr'>oivibus.</span> <span class='ocrx_word' id='word_1_73' title='bbox 754 1053 817 1131; x_wconf 80' lang='lat' dir='ltr'>Qui</span> <span class='ocrx_word' id='word_1_74' title='bbox 839 1053 867 1119; x_wconf 91' lang='lat' dir='ltr'>si</span> <span class='ocrx_word' id='word_1_75' title='bbox 889 1071 972 1118; x_wconf 89' lang='lat' dir='ltr'>unus</span> <span class='ocrx_word' id='word_1_76' title='bbox 1003 1052 1082 1119; x_wconf 86' lang='lat' dir='ltr'>satis</span> <span class='ocrx_word' id='word_1_77' title='bbox 1105 1053 1213 1119; x_wconf 88' lang='lat' dir='ltr'>omnia</span> <span class='ocrx_word' id='word_1_78' title='bbox 1236 1073 1307 1120; x_wconf 89' lang='lat' dir='ltr'>oon·</span> 
     </span>
     <span class='ocr_line' id='line_1_9' title="bbox 113 1152 1308 1243; baseline 0 -20"><span class='ocrx_word' id='word_1_79' title='bbox 113 1156 206 1241; x_wconf 92' lang='lat' dir='ltr'>sequi</span> <span class='ocrx_word' id='word_1_80' title='bbox 243 1163 362 1242; x_wconf 86' lang='lat' dir='ltr'>posset,</span> <span class='ocrx_word' id='word_1_81' title='bbox 402 1156 482 1221; x_wconf 93' lang='lat' dir='ltr'>nihil</span> <span class='ocrx_word' id='word_1_82' title='bbox 517 1177 598 1243; x_wconf 90' lang='lat' dir='ltr'>opus</span> <span class='ocrx_word' id='word_1_83' title='bbox 635 1163 720 1224; x_wconf 85' lang='lat' dir='ltr'>esset</span> <span class='ocrx_word' id='word_1_84' title='bbox 753 1156 916 1243; x_wconf 91' lang='lat' dir='ltr'>pluribus;</span> <span class='ocrx_word' id='word_1_85' title='bbox 955 1157 982 1223; x_wconf 89' lang='lat' dir='ltr'>si</span> <span class='ocrx_word' id='word_1_86' title='bbox 1020 1152 1162 1224; x_wconf 87' lang='lat' dir='ltr'>universi</span> <span class='ocrx_word' id='word_1_87' title='bbox 1198 1157 1308 1223; x_wconf 86' lang='lat' dir='ltr'>videre</span> 
     </span>
     <span class='ocr_line' id='line_1_10' title="bbox 114 1261 1308 1349; baseline 0 -21"><span class='ocrx_word' id='word_1_88' title='bbox 114 1261 272 1349; x_wconf 92' lang='lat' dir='ltr'>optimum</span> <span class='ocrx_word' id='word_1_89' title='bbox 303 1267 334 1326; x_wconf 90' lang='lat' dir='ltr'>et</span> <span class='ocrx_word' id='word_1_90' title='bbox 357 1262 452 1327; x_wconf 90' lang='lat' dir='ltr'>ineo</span> <span class='ocrx_word' id='word_1_91' title='bbox 483 1262 664 1328; x_wconf 80' lang='lat' dir='ltr'>consentire</span> <span class='ocrx_word' id='word_1_92' title='bbox 688 1268 829 1347; x_wconf 88' lang='lat' dir='ltr'>possent,</span> <span class='ocrx_word' id='word_1_93' title='bbox 863 1282 958 1328; x_wconf 91' lang='lat' dir='ltr'>nemo</span> <span class='ocrx_word' id='word_1_94' title='bbox 980 1261 1124 1328; x_wconf 89' lang='lat' dir='ltr'>deleotos</span> <span class='ocrx_word' id='word_1_95' title='bbox 1146 1262 1308 1349; x_wconf 85' lang='lat' dir='ltr'>prinoipes</span> 
     </span>
     <span class='ocr_line' id='line_1_11' title="bbox 114 1365 1307 1453; baseline 0 -20"><span class='ocrx_word' id='word_1_96' title='bbox 114 1374 292 1451; x_wconf 83' lang='lat' dir='ltr'>quaereret</span> <span class='ocrx_word' id='word_1_97' title='bbox 338 1365 521 1432; x_wconf 87' lang='lat' dir='ltr'>Dillioultas</span> <span class='ocrx_word' id='word_1_98' title='bbox 552 1366 682 1432; x_wconf 91' lang='lat' dir='ltr'>ineundi</span> <span class='ocrx_word' id='word_1_99' title='bbox 714 1367 838 1433; x_wconf 80' lang='lat' dir='ltr'>consilii</span> <span class='ocrx_word' id='word_1_100' title='bbox 871 1387 939 1432; x_wconf 91' lang='lat' dir='ltr'>rem</span> <span class='ocrx_word' id='word_1_101' title='bbox 969 1387 1087 1451; x_wconf 86' lang='lat' dir='ltr'>aroge</span> <span class='ocrx_word' id='word_1_102' title='bbox 1117 1367 1160 1433; x_wconf 94' lang='lat' dir='ltr'>ad</span> <span class='ocrx_word' id='word_1_103' title='bbox 1189 1368 1307 1453; x_wconf 87' lang='lat' dir='ltr'>plures,</span> 
     </span>
     <span class='ocr_line' id='line_1_12' title="bbox 115 1470 1309 1558; baseline -0.001 -21"><span class='ocrx_word' id='word_1_104' title='bbox 115 1493 205 1538; x_wconf 90' lang='lat' dir='ltr'>error</span> <span class='ocrx_word' id='word_1_105' title='bbox 220 1479 252 1536; x_wconf 91' lang='lat' dir='ltr'>et</span> <span class='ocrx_word' id='word_1_106' title='bbox 275 1471 441 1537; x_wconf 79' lang='lat' dir='ltr'>temeritas</span> <span class='ocrx_word' id='word_1_107' title='bbox 457 1472 650 1557; x_wconf 91' lang='lat' dir='ltr'>populorum</span> <span class='ocrx_word' id='word_1_108' title='bbox 672 1470 912 1538; x_wconf 90' lang='lat' dir='ltr'>amultitudine</span> <span class='ocrx_word' id='word_1_109' title='bbox 930 1471 974 1537; x_wconf 91' lang='lat' dir='ltr'>ad</span> <span class='ocrx_word' id='word_1_110' title='bbox 994 1490 1116 1558; x_wconf 81' lang='lat' dir='ltr'>paucos</span> <span class='ocrx_word' id='word_1_111' title='bbox 1137 1472 1309 1538; x_wconf 83' lang='lat' dir='ltr'>transtulit.</span> 
     </span>
     <span class='ocr_line' id='line_1_13' title="bbox 117 1575 1310 1660; baseline -0.001 -17"><span class='ocrx_word' id='word_1_112' title='bbox 117 1578 173 1644; x_wconf 85' lang='lat' dir='ltr'>Sio</span> <span class='ocrx_word' id='word_1_113' title='bbox 195 1577 279 1643; x_wconf 91' lang='lat' dir='ltr'>inter</span> <span class='ocrx_word' id='word_1_114' title='bbox 303 1575 522 1642; x_wconf 85' lang='lat' dir='ltr'>infirmitatem</span> <span class='ocrx_word' id='word_1_115' title='bbox 554 1577 646 1642; x_wconf 87' lang='lat' dir='ltr'>unius</span> <span class='ocrx_word' id='word_1_116' title='bbox 669 1577 944 1660; x_wconf 81' lang='lat' dir='ltr'>temeritatemque</span> <span class='ocrx_word' id='word_1_117' title='bbox 974 1577 1146 1642; x_wconf 89' lang='lat' dir='ltr'>multorum</span> <span class='ocrx_word' id='word_1_118' title='bbox 1169 1576 1310 1642; x_wconf 90' lang='lat' dir='ltr'>medium</span> 
     </span>
     <span class='ocr_line' id='line_1_14' title="bbox 117 1679 1309 1768; baseline -0.002 -20"><span class='ocrx_word' id='word_1_119' title='bbox 117 1682 291 1768; x_wconf 86' lang='lat' dir='ltr'>optimates</span> <span class='ocrx_word' id='word_1_120' title='bbox 314 1680 526 1766; x_wconf 89' lang='lat' dir='ltr'>possederunt</span> <span class='ocrx_word' id='word_1_121' title='bbox 548 1681 663 1764; x_wconf 88' lang='lat' dir='ltr'>loeum,</span> <span class='ocrx_word' id='word_1_122' title='bbox 688 1701 751 1764; x_wconf 89' lang='lat' dir='ltr'>quo</span> <span class='ocrx_word' id='word_1_123' title='bbox 773 1679 852 1746; x_wconf 92' lang='lat' dir='ltr'>nibil</span> <span class='ocrx_word' id='word_1_124' title='bbox 874 1687 981 1766; x_wconf 89' lang='lat' dir='ltr'>potest</span> <span class='ocrx_word' id='word_1_125' title='bbox 1003 1699 1074 1746; x_wconf 86' lang='lat' dir='ltr'>esse</span> <span class='ocrx_word' id='word_1_126' title='bbox 1097 1680 1309 1763; x_wconf 81' lang='lat' dir='ltr'>moderatius3</span> 
     </span>
     <span class='ocr_line' id='line_1_15' title="bbox 115 1785 1310 1871; baseline -0.001 -19"><span class='ocrx_word' id='word_1_127' title='bbox 115 1786 233 1871; x_wconf 91' lang='lat' dir='ltr'>quibus</span> <span class='ocrx_word' id='word_1_128' title='bbox 253 1806 320 1852; x_wconf 88' lang='lat' dir='ltr'>rem</span> <span class='ocrx_word' id='word_1_129' title='bbox 341 1785 503 1868; x_wconf 79' lang='lat' dir='ltr'>publicam</span> <span class='ocrx_word' id='word_1_130' title='bbox 524 1785 689 1852; x_wconf 90' lang='lat' dir='ltr'>tuentibus</span> <span class='ocrx_word' id='word_1_131' title='bbox 707 1785 913 1852; x_wconf 86' lang='lat' dir='ltr'>beatissimos</span> <span class='ocrx_word' id='word_1_132' title='bbox 933 1805 1005 1852; x_wconf 85' lang='lat' dir='ltr'>esse</span> <span class='ocrx_word' id='word_1_133' title='bbox 1023 1787 1158 1871; x_wconf 90' lang='lat' dir='ltr'>populos</span> <span class='ocrx_word' id='word_1_134' title='bbox 1177 1805 1310 1852; x_wconf 86' lang='lat' dir='ltr'>neeesse</span> 
     </span>
     <span class='ocr_line' id='line_1_16' title="bbox 118 1888 1309 1974; baseline -0.002 -17"><span class='ocrx_word' id='word_1_135' title='bbox 118 1898 169 1957; x_wconf 92' lang='lat' dir='ltr'>est</span> <span class='ocrx_word' id='word_1_136' title='bbox 203 1909 323 1955; x_wconf 90' lang='lat' dir='ltr'>vaouos</span> <span class='ocrx_word' id='word_1_137' title='bbox 353 1888 437 1954; x_wconf 90' lang='lat' dir='ltr'>omni</span> <span class='ocrx_word' id='word_1_138' title='bbox 471 1908 548 1954; x_wconf 85' lang='lat' dir='ltr'>eura</span> <span class='ocrx_word' id='word_1_139' title='bbox 571 1895 603 1955; x_wconf 92' lang='lat' dir='ltr'>et</span> <span class='ocrx_word' id='word_1_140' title='bbox 637 1888 831 1974; x_wconf 79' lang='lat' dir='ltr'>cogitatione</span> <span class='ocrx_word' id='word_1_141' title='bbox 854 1889 927 1956; x_wconf 90' lang='lat' dir='ltr'>aliis</span> <span class='ocrx_word' id='word_1_142' title='bbox 960 1890 1117 1974; x_wconf 89' lang='lat' dir='ltr'>permisso</span> <span class='ocrx_word' id='word_1_143' title='bbox 1141 1889 1207 1954; x_wconf 94' lang='lat' dir='ltr'>otio</span> <span class='ocrx_word' id='word_1_144' title='bbox 1241 1910 1309 1970; x_wconf 91' lang='lat' dir='ltr'>suo,</span> 
     </span>
     <span class='ocr_line' id='line_1_17' title="bbox 118 1993 1313 2079; baseline -0.002 -19"><span class='ocrx_word' id='word_1_145' title='bbox 118 1995 236 2079; x_wconf 90' lang='lat' dir='ltr'>quibus</span> <span class='ocrx_word' id='word_1_146' title='bbox 265 1993 300 2058; x_wconf 92' lang='lat' dir='ltr'>id</span> <span class='ocrx_word' id='word_1_147' title='bbox 321 1993 477 2058; x_wconf 91' lang='lat' dir='ltr'>tuendum</span> <span class='ocrx_word' id='word_1_148' title='bbox 501 2000 550 2059; x_wconf 90' lang='lat' dir='ltr'>est</span> <span class='ocrx_word' id='word_1_149' title='bbox 572 2014 677 2078; x_wconf 92' lang='lat' dir='ltr'>neque</span> <span class='ocrx_word' id='word_1_150' title='bbox 707 1993 975 2075; x_wconf 79' lang='lat' dir='ltr'>committendum,</span> <span class='ocrx_word' id='word_1_151' title='bbox 1007 2001 1042 2059; x_wconf 92' lang='lat' dir='ltr'>ut</span> <span class='ocrx_word' id='word_1_152' title='bbox 1065 2013 1124 2060; x_wconf 88' lang='lat' dir='ltr'>sua</span> <span class='ocrx_word' id='word_1_153' title='bbox 1146 1994 1313 2060; x_wconf 87' lang='lat' dir='ltr'>commoda</span> 
     </span>
     <span class='ocr_line' id='line_1_18' title="bbox 117 2097 1364 2185; baseline 0 -21"><span class='ocrx_word' id='word_1_154' title='bbox 117 2099 258 2185; x_wconf 86' lang='lat' dir='ltr'>populus</span> <span class='ocrx_word' id='word_1_155' title='bbox 280 2097 411 2182; x_wconf 80' lang='lat' dir='ltr'>neglegi</span> <span class='ocrx_word' id='word_1_156' title='bbox 433 2119 454 2163; x_wconf 93' lang='lat' dir='ltr'>a</span> <span class='ocrx_word' id='word_1_157' title='bbox 475 2097 674 2184; x_wconf 90' lang='lat' dir='ltr'>prinoipibus</span> <span class='ocrx_word' id='word_1_158' title='bbox 697 2104 796 2183; x_wconf 87' lang='lat' dir='ltr'>putet.</span> <span class='ocrx_word' id='word_1_159' title='bbox 842 2099 927 2164; x_wconf 88' lang='lat' dir='ltr'>Nam</span> <span class='ocrx_word' id='word_1_160' title='bbox 949 2099 1160 2183; x_wconf 83' lang='lat' dir='ltr'>aequabilitas</span> <span class='ocrx_word' id='word_1_161' title='bbox 1183 2099 1312 2182; x_wconf 90' lang='lat' dir='ltr'>quidem</span> <span class='ocrx_word' id='word_1_162' title='bbox 1330 2125 1364 2178; x_wconf 78' lang='lat' dir='ltr'>bu</span> 
     </span>
     <span class='ocr_line' id='line_1_19' title="bbox 118 2200 1313 2290; baseline -0.001 -22"><span class='ocrx_word' id='word_1_163' title='bbox 118 2200 210 2284; x_wconf 88' lang='lat' dir='ltr'>iuris,</span> <span class='ocrx_word' id='word_1_164' title='bbox 234 2222 331 2286; x_wconf 89' lang='lat' dir='ltr'>quam</span> <span class='ocrx_word' id='word_1_165' title='bbox 345 2203 568 2288; x_wconf 87' lang='lat' dir='ltr'>amplexantur</span> <span class='ocrx_word' id='word_1_166' title='bbox 590 2203 682 2268; x_wconf 91' lang='lat' dir='ltr'>liberi</span> <span class='ocrx_word' id='word_1_167' title='bbox 697 2203 816 2289; x_wconf 92' lang='lat' dir='ltr'>populi,</span> <span class='ocrx_word' id='word_1_168' title='bbox 842 2223 946 2287; x_wconf 90' lang='lat' dir='ltr'>neque</span> <span class='ocrx_word' id='word_1_169' title='bbox 962 2203 1083 2270; x_wconf 87' lang='lat' dir='ltr'>servari</span> <span class='ocrx_word' id='word_1_170' title='bbox 1106 2210 1212 2290; x_wconf 82' lang='lat' dir='ltr'>potest</span> <span class='ocrx_word' id='word_1_171' title='bbox 1235 2202 1313 2290; x_wconf 85' lang='lat' dir='ltr'>(ipsi</span> 
     </span>
     <span class='ocr_line' id='line_1_20' title="bbox 120 2305 1312 2393; baseline 0 -19"><span class='ocrx_word' id='word_1_172' title='bbox 120 2307 207 2374; x_wconf 89' lang='lat' dir='ltr'>enirn</span> <span class='ocrx_word' id='word_1_173' title='bbox 229 2305 352 2392; x_wconf 92' lang='lat' dir='ltr'>populi,</span> <span class='ocrx_word' id='word_1_174' title='bbox 375 2306 520 2389; x_wconf 88' lang='lat' dir='ltr'>quamvis</span> <span class='ocrx_word' id='word_1_175' title='bbox 542 2307 640 2372; x_wconf 91' lang='lat' dir='ltr'>soluti</span> <span class='ocrx_word' id='word_1_176' title='bbox 663 2306 880 2390; x_wconf 82' lang='lat' dir='ltr'>ecfrenatique</span> <span class='ocrx_word' id='word_1_177' title='bbox 903 2308 978 2390; x_wconf 89' lang='lat' dir='ltr'>sint,</span> <span class='ocrx_word' id='word_1_178' title='bbox 1009 2309 1180 2393; x_wconf 81' lang='lat' dir='ltr'>praecipue</span> <span class='ocrx_word' id='word_1_179' title='bbox 1202 2309 1312 2374; x_wconf 91' lang='lat' dir='ltr'>multis</span> 
     </span>
     <span class='ocr_line' id='line_1_21' title="bbox 120 2411 1313 2496; baseline -0.001 -19"><span class='ocrx_word' id='word_1_180' title='bbox 120 2413 222 2478; x_wconf 90' lang='lat' dir='ltr'>multa</span> <span class='ocrx_word' id='word_1_181' title='bbox 250 2411 403 2491; x_wconf 88' lang='lat' dir='ltr'>tribuunt,</span> <span class='ocrx_word' id='word_1_182' title='bbox 439 2416 472 2476; x_wconf 92' lang='lat' dir='ltr'>et</span> <span class='ocrx_word' id='word_1_183' title='bbox 495 2417 543 2476; x_wconf 91' lang='lat' dir='ltr'>est</span> <span class='ocrx_word' id='word_1_184' title='bbox 576 2411 609 2476; x_wconf 96' lang='lat' dir='ltr'>in</span> <span class='ocrx_word' id='word_1_185' title='bbox 632 2411 712 2496; x_wconf 87' lang='lat' dir='ltr'>ipsis</span> <span class='ocrx_word' id='word_1_186' title='bbox 746 2431 884 2494; x_wconf 85' lang='lat' dir='ltr'>magnus</span> <span class='ocrx_word' id='word_1_187' title='bbox 919 2411 1054 2478; x_wconf 88' lang='lat' dir='ltr'>dileotus</span> <span class='ocrx_word' id='word_1_188' title='bbox 1087 2411 1251 2478; x_wconf 89' lang='lat' dir='ltr'>hominum</span> <span class='ocrx_word' id='word_1_189' title='bbox 1281 2419 1313 2476; x_wconf 90' lang='lat' dir='ltr'>et</span> 
     </span>
     <span class='ocr_line' id='line_1_22' title="bbox 120 2512 1315 2600; baseline 0 -20"><span class='ocrx_word' id='word_1_190' title='bbox 120 2512 340 2600; x_wconf 87' lang='lat' dir='ltr'>dignitatum),</span> <span class='ocrx_word' id='word_1_191' title='bbox 376 2534 488 2598; x_wconf 89' lang='lat' dir='ltr'>eaque,</span> <span class='ocrx_word' id='word_1_192' title='bbox 528 2534 609 2598; x_wconf 89' lang='lat' dir='ltr'>quae</span> <span class='ocrx_word' id='word_1_193' title='bbox 642 2515 824 2600; x_wconf 87' lang='lat' dir='ltr'>appellatur</span> <span class='ocrx_word' id='word_1_194' title='bbox 856 2515 1080 2598; x_wconf 88' lang='lat' dir='ltr'>aequabilitas,</span> <span class='ocrx_word' id='word_1_195' title='bbox 1114 2515 1315 2599; x_wconf 87' lang='lat' dir='ltr'>iniquissima</span> 
     </span>
     <span class='ocr_line' id='line_1_23' title="bbox 122 2618 1314 2706; baseline -0.003 -19"><span class='ocrx_word' id='word_1_196' title='bbox 122 2628 182 2688; x_wconf 91' lang='lat' dir='ltr'>est.</span> <span class='ocrx_word' id='word_1_197' title='bbox 228 2619 309 2685; x_wconf 79' lang='lat' dir='ltr'>Gum</span> <span class='ocrx_word' id='word_1_198' title='bbox 332 2619 417 2686; x_wconf 91' lang='lat' dir='ltr'>enim</span> <span class='ocrx_word' id='word_1_199' title='bbox 438 2641 498 2706; x_wconf 86' lang='lat' dir='ltr'>par</span> <span class='ocrx_word' id='word_1_200' title='bbox 519 2619 655 2686; x_wconf 86' lang='lat' dir='ltr'>hebetur</span> <span class='ocrx_word' id='word_1_201' title='bbox 677 2618 780 2686; x_wconf 90' lang='lat' dir='ltr'>honos</span> <span class='ocrx_word' id='word_1_202' title='bbox 803 2621 937 2686; x_wconf 89' lang='lat' dir='ltr'>summis</span> <span class='ocrx_word' id='word_1_203' title='bbox 960 2627 992 2686; x_wconf 93' lang='lat' dir='ltr'>et</span> <span class='ocrx_word' id='word_1_204' title='bbox 1015 2620 1141 2702; x_wconf 89' lang='lat' dir='ltr'>infimis,</span> <span class='ocrx_word' id='word_1_205' title='bbox 1176 2621 1230 2703; x_wconf 90' lang='lat' dir='ltr'>qui</span> <span class='ocrx_word' id='word_1_206' title='bbox 1252 2621 1314 2686; x_wconf 90' lang='lat' dir='ltr'>sint</span> 
     </span>
     <span class='ocr_line' id='line_1_24' title="bbox 121 2718 1315 2810; baseline 0.001 -21"><span class='ocrx_word' id='word_1_207' title='bbox 121 2727 156 2790; x_wconf 90' lang='lat' dir='ltr'>in</span> <span class='ocrx_word' id='word_1_208' title='bbox 179 2718 264 2790; x_wconf 87' lang='lat' dir='ltr'>omni</span> <span class='ocrx_word' id='word_1_209' title='bbox 286 2725 405 2810; x_wconf 92' lang='lat' dir='ltr'>populo</span> <span class='ocrx_word' id='word_1_210' title='bbox 428 2743 562 2790; x_wconf 88' lang='lat' dir='ltr'>neeesse</span> <span class='ocrx_word' id='word_1_211' title='bbox 586 2731 645 2804; x_wconf 91' lang='lat' dir='ltr'>est,</span> <span class='ocrx_word' id='word_1_212' title='bbox 668 2727 741 2810; x_wconf 88' lang='lat' dir='ltr'>ipsa</span> <span class='ocrx_word' id='word_1_213' title='bbox 762 2723 908 2808; x_wconf 88' lang='lat' dir='ltr'>aequitas</span> <span class='ocrx_word' id='word_1_214' title='bbox 930 2724 1132 2808; x_wconf 87' lang='lat' dir='ltr'>iniquissima</span> <span class='ocrx_word' id='word_1_215' title='bbox 1154 2724 1204 2808; x_wconf 82' lang='lat' dir='ltr'>fit3</span> <span class='ocrx_word' id='word_1_216' title='bbox 1229 2724 1315 2809; x_wconf 90' lang='lat' dir='ltr'>quod</span> 
     </span>
     <span class='ocr_line' id='line_1_25' title="bbox 120 2825 1313 2914; baseline 0 -20"><span class='ocrx_word' id='word_1_217' title='bbox 120 2830 156 2894; x_wconf 93' lang='lat' dir='ltr'>in</span> <span class='ocrx_word' id='word_1_218' title='bbox 179 2825 219 2894; x_wconf 88' lang='lat' dir='ltr'>iis</span> <span class='ocrx_word' id='word_1_219' title='bbox 242 2829 438 2908; x_wconf 79' lang='lat' dir='ltr'>civitatibus,</span> <span class='ocrx_word' id='word_1_220' title='bbox 462 2848 542 2912; x_wconf 90' lang='lat' dir='ltr'>quae</span> <span class='ocrx_word' id='word_1_221' title='bbox 558 2831 598 2895; x_wconf 88' lang='lat' dir='ltr'>ab</span> <span class='ocrx_word' id='word_1_222' title='bbox 622 2829 750 2914; x_wconf 92' lang='lat' dir='ltr'>optimis</span> <span class='ocrx_word' id='word_1_223' title='bbox 769 2835 934 2912; x_wconf 87' lang='lat' dir='ltr'>reguntur,</span> <span class='ocrx_word' id='word_1_224' title='bbox 958 2829 1104 2896; x_wconf 89' lang='lat' dir='ltr'>aoeidere</span> <span class='ocrx_word' id='word_1_225' title='bbox 1119 2849 1183 2896; x_wconf 91' lang='lat' dir='ltr'>uon</span> <span class='ocrx_word' id='word_1_226' title='bbox 1199 2835 1313 2914; x_wconf 81' lang='lat' dir='ltr'>potest</span> 
     </span>
     <span class='ocr_line' id='line_1_26' title="bbox 123 2931 1316 3018; baseline 0 -20"><span class='ocrx_word' id='word_1_227' title='bbox 123 2934 215 3000; x_wconf 86' lang='lat' dir='ltr'>Haeo</span> <span class='ocrx_word' id='word_1_228' title='bbox 237 2932 315 3014; x_wconf 87' lang='lat' dir='ltr'>fere,</span> <span class='ocrx_word' id='word_1_229' title='bbox 340 2934 437 3014; x_wconf 89' lang='lat' dir='ltr'>Laeli,</span> <span class='ocrx_word' id='word_1_230' title='bbox 471 2940 502 2999; x_wconf 90' lang='lat' dir='ltr'>et</span> <span class='ocrx_word' id='word_1_231' title='bbox 524 2933 679 3016; x_wconf 87' lang='lat' dir='ltr'>quaedam</span> <span class='ocrx_word' id='word_1_232' title='bbox 703 2931 848 2998; x_wconf 88' lang='lat' dir='ltr'>eiusdem</span> <span class='ocrx_word' id='word_1_233' title='bbox 870 2933 1000 3018; x_wconf 84' lang='lat' dir='ltr'>generis</span> <span class='ocrx_word' id='word_1_234' title='bbox 1022 2936 1064 3001; x_wconf 86' lang='lat' dir='ltr'>ab</span> <span class='ocrx_word' id='word_1_235' title='bbox 1086 2934 1136 3014; x_wconf 88' lang='lat' dir='ltr'>iis,</span> <span class='ocrx_word' id='word_1_236' title='bbox 1168 2934 1222 3016; x_wconf 93' lang='lat' dir='ltr'>qui</span> <span class='ocrx_word' id='word_1_237' title='bbox 1246 2955 1316 2998; x_wconf 87' lang='lat' dir='ltr'>eam</span> 
     </span>
     <span class='ocr_line' id='line_1_27' title="bbox 123 3036 1147 3123; baseline -0.002 -20"><span class='ocrx_word' id='word_1_238' title='bbox 123 3039 261 3104; x_wconf 87' lang='lat' dir='ltr'>formam</span> <span class='ocrx_word' id='word_1_239' title='bbox 283 3038 331 3104; x_wconf 90' lang='lat' dir='ltr'>rei</span> <span class='ocrx_word' id='word_1_240' title='bbox 353 3037 502 3123; x_wconf 80' lang='lat' dir='ltr'>publicae</span> <span class='ocrx_word' id='word_1_241' title='bbox 525 3039 664 3103; x_wconf 85' lang='lat' dir='ltr'>maxime</span> <span class='ocrx_word' id='word_1_242' title='bbox 687 3036 829 3118; x_wconf 85' lang='lat' dir='ltr'>laudant,</span> <span class='ocrx_word' id='word_1_243' title='bbox 854 3036 1011 3123; x_wconf 88' lang='lat' dir='ltr'>disputari</span> <span class='ocrx_word' id='word_1_244' title='bbox 1034 3039 1147 3103; x_wconf 86' lang='lat' dir='ltr'>solent.</span> 
     </span>
    </p>
   </div>
   <div class='ocr_carea' id='block_1_4' title="bbox 124 3173 1369 3366">
    <p class='ocr_par' dir='ltr' id='par_1_4' title="bbox 124 3173 1369 3366">
     <span class='ocr_line' id='line_1_28' title="bbox 188 3173 1369 3262; baseline -0.003 -20"><span class='ocrx_word' id='word_1_245' title='bbox 188 3193 190 3198; x_wconf 84' lang='lat'>·</span> <span class='ocrx_word' id='word_1_246' title='bbox 233 3177 316 3242; x_wconf 73' lang='lat' dir='ltr'>Tum</span> <span class='ocrx_word' id='word_1_247' title='bbox 338 3177 482 3243; x_wconf 90' lang='lat' dir='ltr'>Laelius:</span> <span class='ocrx_word' id='word_1_248' title='bbox 508 3173 594 3252; x_wconf 82' lang='lat' dir='ltr'>Quid</span> <span class='ocrx_word' id='word_1_249' title='bbox 615 3182 658 3261; x_wconf 86' lang='lat' dir='ltr'>tu,</span> <span class='ocrx_word' id='word_1_250' title='bbox 680 3175 793 3259; x_wconf 92' lang='lat' dir='ltr'>inquit,</span> <span class='ocrx_word' id='word_1_251' title='bbox 817 3174 952 3262; x_wconf 80' lang='lat' dir='ltr'>Scipio?</span> <span class='ocrx_word' id='word_1_252' title='bbox 975 3196 993 3240; x_wconf 92' lang='lat' dir='ltr'>e</span> <span class='ocrx_word' id='word_1_253' title='bbox 1014 3175 1116 3240; x_wconf 90' lang='lat' dir='ltr'>tribus</span> <span class='ocrx_word' id='word_1_254' title='bbox 1138 3175 1209 3240; x_wconf 90' lang='lat' dir='ltr'>istis</span> <span class='ocrx_word' id='word_1_255' title='bbox 1232 3175 1317 3258; x_wconf 92' lang='lat' dir='ltr'>quod</span> <span class='ocrx_word' id='word_1_256' title='bbox 1335 3201 1369 3252; x_wconf 77' lang='lat'>54</span> 
     </span>
     <span class='ocr_line' id='line_1_29' title="bbox 124 3279 427 3366; baseline -0.003 -20"><span class='ocrx_word' id='word_1_257' title='bbox 124 3280 263 3347; x_wconf 89' lang='lat' dir='ltr'>maxime</span> <span class='ocrx_word' id='word_1_258' title='bbox 283 3279 427 3366; x_wconf 83' lang='lat' dir='ltr'>probas?</span> 
     </span>
    </p>
   </div>
   <div class='ocr_carea' id='block_1_5' title="bbox 124 3421 1488 3822">
    <p class='ocr_par' dir='ltr' id='par_1_5' title="bbox 124 3421 1488 3822">
     <span class='ocr_line' id='line_1_30' title="bbox 227 3421 1315 3506; baseline -0.002 -20"><span class='ocrx_word' id='word_1_259' title='bbox 227 3421 326 3488; x_wconf 82' lang='lat' dir='ltr'>Reate</span> <span class='ocrx_word' id='word_1_260' title='bbox 341 3422 478 3506; x_wconf 91' lang='lat' dir='ltr'>quaeris,</span> <span class='ocrx_word' id='word_1_261' title='bbox 493 3421 578 3506; x_wconf 92' lang='lat' dir='ltr'>quod</span> <span class='ocrx_word' id='word_1_262' title='bbox 592 3424 732 3488; x_wconf 84' lang='lat' dir='ltr'>maxime</span> <span class='ocrx_word' id='word_1_263' title='bbox 744 3443 761 3486; x_wconf 91' lang='lat' dir='ltr'>e</span> <span class='ocrx_word' id='word_1_264' title='bbox 773 3421 885 3503; x_wconf 89' lang='lat' dir='ltr'>tribus,</span> <span class='ocrx_word' id='word_1_265' title='bbox 899 3423 1049 3504; x_wconf 89' lang='lat' dir='ltr'>quoniam</span> <span class='ocrx_word' id='word_1_266' title='bbox 1065 3441 1175 3486; x_wconf 90' lang='lat' dir='ltr'>eorum</span> <span class='ocrx_word' id='word_1_267' title='bbox 1189 3421 1315 3486; x_wconf 91' lang='lat' dir='ltr'>nullum</span> 
     </span>
     <span class='ocr_line' id='line_1_31' title="bbox 124 3511 1488 3614; baseline -0.003 -22"><span class='ocrx_word' id='word_1_268' title='bbox 124 3530 233 3613; x_wconf 90' lang='lat' dir='ltr'>ipsum</span> <span class='ocrx_word' id='word_1_269' title='bbox 254 3548 313 3613; x_wconf 91' lang='lat' dir='ltr'>per</span> <span class='ocrx_word' id='word_1_270' title='bbox 336 3547 371 3593; x_wconf 89' lang='lat' dir='ltr'>se</span> <span class='ocrx_word' id='word_1_271' title='bbox 394 3530 567 3614; x_wconf 89' lang='lat' dir='ltr'>separatim</span> <span class='ocrx_word' id='word_1_272' title='bbox 590 3529 690 3612; x_wconf 92' lang='lat' dir='ltr'>probo</span> <span class='ocrx_word' id='word_1_273' title='bbox 713 3534 937 3613; x_wconf 88' lang='lat' dir='ltr'>anteponoque</span> <span class='ocrx_word' id='word_1_274' title='bbox 962 3525 1097 3610; x_wconf 87' lang='lat' dir='ltr'>singulis</span> <span class='ocrx_word' id='word_1_275' title='bbox 1119 3524 1209 3606; x_wconf 92' lang='lat' dir='ltr'>illud,</span> <span class='ocrx_word' id='word_1_276' title='bbox 1233 3524 1318 3608; x_wconf 93' lang='lat' dir='ltr'>qnod</span> <span class='ocrx_word' id='word_1_277' title='bbox 1487 3511 1488 3596; x_wconf 62' lang='lat' dir='ltr'>i</span> 
     </span>
     <span class='ocr_line' id='line_1_32' title="bbox 129 3621 1320 3716; baseline -0.004 -17"><span class='ocrx_word' id='word_1_278' title='bbox 129 3631 302 3699; x_wconf 73' lang='lat' dir='ltr'>conflatum</span> <span class='ocrx_word' id='word_1_279' title='bbox 331 3632 427 3699; x_wconf 87' lang='lat' dir='ltr'>fuerit</span> <span class='ocrx_word' id='word_1_280' title='bbox 461 3654 503 3698; x_wconf 84' lang='lat' dir='ltr'>ex</span> <span class='ocrx_word' id='word_1_281' title='bbox 535 3621 690 3699; x_wconf 87' lang='lat' dir='ltr'>omnibus.</span> <span class='ocrx_word' id='word_1_282' title='bbox 740 3632 805 3698; x_wconf 87' lang='lat' dir='ltr'>Sed</span> <span class='ocrx_word' id='word_1_283' title='bbox 835 3633 862 3696; x_wconf 87' lang='lat' dir='ltr'>si</span> <span class='ocrx_word' id='word_1_284' title='bbox 892 3652 989 3696; x_wconf 92' lang='lat' dir='ltr'>unum</span> <span class='ocrx_word' id='word_1_285' title='bbox 1020 3651 1058 3696; x_wconf 89' lang='lat' dir='ltr'>ao</span> <span class='ocrx_word' id='word_1_286' title='bbox 1089 3631 1222 3716; x_wconf 88' lang='lat' dir='ltr'>simplex</span> <span class='ocrx_word' id='word_1_287' title='bbox 1252 3650 1320 3715; x_wconf 92' lang='lat' dir='ltr'>pro·</span> 
     </span>
     <span class='ocr_line' id='line_1_33' title="bbox 128 3725 1488 3822; baseline -0.001 -19"><span class='ocrx_word' id='word_1_288' title='bbox 128 3735 271 3803; x_wconf 89' lang='lat' dir='ltr'>bandum</span> <span class='ocrx_word' id='word_1_289' title='bbox 294 3736 345 3822; x_wconf 85' lang='lat' dir='ltr'>sit,</span> <span class='ocrx_word' id='word_1_290' title='bbox 366 3736 491 3821; x_wconf 89' lang='lat' dir='ltr'>regium</span> <span class='ocrx_word' id='word_1_291' title='bbox 514 3738 652 3822; x_wconf 91' lang='lat' dir='ltr'>probem.</span> <span class='ocrx_word' id='word_1_292' title='bbox 1487 3725 1488 3730; x_wconf 55' lang='grc'>’</span> 
     </span>
    </p>
   </div>
   <div class='ocr_carea' id='block_1_6' title="bbox 721 3877 737 3914">
    <p class='ocr_par' dir='ltr' id='par_1_6' title="bbox 721 3877 737 3914">
     <span class='ocr_line' id='line_1_34' title="bbox 721 3877 737 3914; baseline 0 0"><span class='ocrx_word' id='word_1_293' title='bbox 721 3877 737 3914; x_wconf 70' lang='lat' dir='ltr'>tlt</span> 
     </span>
    </p>
   </div>
   <div class='ocr_carea' id='block_1_7' title="bbox 0 0 1518 4334">
    <p class='ocr_par' dir='ltr' id='par_1_7' title="bbox 0 0 1518 4334">
     <span class='ocr_line' id='line_1_35' title="bbox 0 0 1518 4334; baseline 0 0"><span class='ocrx_word' id='word_1_294' title='bbox 0 0 1518 4334; x_wconf 95' lang='lat' dir='ltr'> </span> 
     </span>
    </p>
   </div>
  </div>
 </body>
</html>
