3022 4330
210 209 251 270 76
661 213 762 277 Disput.
781 213 938 262 Tusculanae

209 419 283 497 quin
307 436 422 481 sensus
445 421 477 482 in
501 427 601 484 morte
624 420 732 485 nullus
756 423 807 500 sit,
835 440 907 485 eum
931 421 964 484 in
987 425 1055 486 eius
1086 424 1254 488 simulacro
1288 424 1400 488 videas

208 539 280 584 esse
303 521 424 586 nullum
447 525 604 588 sensum?

156 653 189 703 93
312 643 474 709 Pellantur
496 666 575 729 ergo
598 650 680 712 istae
703 649 844 730 ineptiae
877 667 980 730 paene
1014 647 1127 728 aniles,
1164 653 1239 712 ante
1274 656 1401 734 tempus
1508 725 1509 736 χ

208 750 288 810 mori
311 751 460 813 miserum
483 771 565 816 esse.
610 750 705 827 Quod
726 750 856 815 tandem
879 751 1030 834 tempus?
1053 751 1265 817 Naturaene?
1296 753 1340 816 At
1362 773 1402 817 ea
1508 739 1509 742 ¹

208 850 335 933 quidem
358 852 448 918 dedit
470 874 598 919 usuram
622 857 707 920 vitae
729 861 890 937 tamquam
914 858 1069 939 pecuniae
1092 856 1182 921 nulla
1210 859 1402 942 praestituta

208 954 270 1018 die.
316 955 400 1032 Quid
422 965 472 1022 est
494 961 600 1042 igitur,
624 958 712 1041 quod
746 979 889 1040 querare,
913 962 942 1023 si
964 963 1089 1043 repetit,
1125 979 1196 1024 oum
1229 957 1322 1024 vult?
1353 961 1402 1024 Ea

209 1062 294 1124 enim
317 1061 505 1128 condicione
520 1082 703 1148 acceperas.
748 1061 860 1144 Iidem,
884 1067 911 1128 si
926 1083 1006 1149 puer
1020 1084 1139 1148 parvus
1156 1064 1281 1146 occidit,
1297 1085 1402 1148 aequo
1508 1129 1509 1138 ,

208 1167 314 1230 animo
336 1165 502 1230 ferendum
525 1175 648 1251 putant,
673 1171 701 1233 si
723 1187 799 1232 vero
815 1170 848 1232 in
864 1171 965 1248 cunis,
988 1188 1029 1232 ne
1052 1167 1250 1250 querendum
1262 1169 1399 1250 quidem.
1508 1205 1509 1266 p

209 1268 306 1350 Atqui
327 1269 368 1334 ab
392 1269 451 1334 hoo
474 1271 620 1336 acerbius
644 1274 755 1355 exegit
778 1278 903 1352 natura,
936 1271 1022 1353 quod
1043 1271 1187 1337 dederat.
1237 1271 1401 1337 ‘Nondum
1508 1289 1509 1322 t

209 1376 413 1454 gustaverat,
437 1377 551 1457 inquit,
571 1378 670 1441 ‘vitae
694 1378 902 1460 suavitatem,
935 1375 988 1440 hio
1018 1381 1125 1440 autem
1154 1378 1219 1440 iam
1250 1377 1403 1460 sperabat
1508 1407 1509 1440 r

208 1497 335 1559 magna,
360 1479 475 1560 quibus
497 1479 561 1544 frui
583 1482 752 1566 coeperat'.
799 1480 842 1544 At
874 1480 908 1544 id
938 1479 1074 1562 quidem'¹
1090 1483 1124 1544 in
1157 1483 1272 1546 ceteris
1304 1481 1401 1545 rebus
1508 1535 1509 1564 ,

209 1583 322 1646 melius
345 1589 482 1666 putatur,
506 1585 646 1668 aliquam
669 1592 794 1670 partem
817 1603 912 1667 quam
936 1585 1057 1648 nullam
1080 1587 1256 1669 attingere,
1289 1605 1345 1650 our
1368 1588 1401 1648 in
1508 1567 1509 1576 ἵ

208 1689 275 1749 vita
297 1686 416 1751 secus?
441 1688 641 1770 Quamquam
664 1709 726 1754 non
748 1690 831 1754 male
855 1691 900 1752 ait
924 1687 1140 1753 Callimachus
1156 1690 1256 1753 multo
1273 1691 1400 1773 saepius
1508 1739 1509 1742 ,

209 1791 394 1856 lacrimasse
418 1792 579 1856 Priamum
602 1813 696 1874 quam
718 1793 870 1856 Troilum.
915 1792 1033 1856 Eorum
1067 1798 1184 1872 autem,
1209 1795 1264 1874 qui
1286 1801 1401 1858 exacta
1501 1783 1509 1860 l

156 1906 191 1956 94
210 1900 316 1958 aetate
338 1898 522 1977 moriuntur,
547 1896 673 1961 fortuna
696 1896 852 1961 laudatur.
900 1896 989 1960 Cur?
1012 1896 1105 1976 Nam,
1128 1917 1209 1977 reor,
1232 1897 1339 1977 nullis,
1374 1899 1401 1962 si

210 2002 277 2064 vita
300 2001 425 2082 longior
449 1999 585 2081 daretur,
609 2007 721 2084 posset
743 2019 815 2066 esse
837 2000 1023 2084 iucundior;
1047 1999 1127 2064 nihil
1150 2003 1235 2064 enim
1259 2007 1308 2065 est
1331 2021 1401 2084 pro·

210 2105 295 2170 fecto
319 2105 441 2168 homini
462 2103 631 2189 prudentia
654 2104 788 2186 dulcius,
812 2124 917 2188 quam,
941 2113 976 2170 ut
999 2111 1105 2170 cetera
1126 2105 1261 2185 auferat,
1293 2104 1402 2169 adfert

210 2216 295 2272 certe
318 2215 474 2274 senectus.
521 2208 612 2285 onae
641 2229 718 2273 vero
740 2213 831 2274 aetas
866 2209 963 2292 longa
985 2215 1042 2289 est,
1077 2215 1131 2272 aut
1165 2207 1241 2291 quid
1275 2211 1401 2274 omuino

209 2315 328 2377 homini
349 2313 506 2396 longum?
529 2333 633 2378 nonne

312 2416 428 2482 Modo
462 2435 625 2502 pueros,
662 2417 776 2481 modo
810 2417 1118 2483 adulescentes
1152 2419 1192 2480 in
1226 2435 1350 2481 cursu
1384 2437 1404 2480 a

985 2529 1105 2604 tergo
1129 2525 1358 2603 insequens

311 2626 394 2690 Nee
417 2626 642 2709 opinantes
665 2625 869 2692 adsecuta
891 2631 955 2691 est

206 2730 379 2796 senectus?
425 2729 491 2796 Sed
514 2729 589 2812 quia
612 2730 694 2795 ultra
716 2730 797 2794 nihil
826 2729 992 2808 habemus,
1016 2730 1077 2796 hoo
1099 2730 1231 2813 longum
1253 2728 1399 2794 dicimus.

206 2834 321 2899 Omnia
349 2834 420 2912 ista,
455 2832 587 2917 perinde
617 2839 653 2898 ut
682 2834 797 2917 cuique
828 2834 904 2899 data
933 2839 1008 2899 sunt
1037 2855 1095 2919 pro
1125 2839 1196 2898 rata
1224 2839 1325 2919 parte,
1355 2833 1402 2897 ita

175 2985 179 3018 z
205 2944 260 3004 aut
282 2939 379 3022 longa
400 2944 455 3002 aut
474 2937 584 3002 brevia
607 2937 762 3003 dicuntur.
810 2936 906 3024 Apud
926 2939 1090 3024 Hypanim
1112 2937 1254 3020 fluvium,
1281 2937 1335 3019 qui
1358 2939 1401 3002 ab

205 3044 353 3128 Europae
369 3047 460 3127 parte
476 3041 509 3104 in
525 3042 661 3107 Pontum
678 3040 790 3121 influit,
809 3043 998 3108 Aristoteles
1014 3043 1059 3108 ait
1075 3042 1227 3107 bestiolas
1244 3040 1400 3124 quasdam

204 3146 302 3233 nasei,
325 3168 408 3231 quae
431 3166 529 3211 unum
552 3146 637 3211 diem
659 3147 778 3212 vivant.
811 3147 862 3210 Ex
885 3147 935 3212 his
958 3147 1058 3230 igitur
1081 3147 1159 3211 hora
1182 3153 1294 3210 octava
1317 3165 1400 3227 quae

204 3259 407 3334 mortuaest,
441 3259 593 3336 provecta
622 3257 728 3317 aetate
759 3258 883 3316 mortua
914 3259 977 3336 est,
1014 3271 1097 3334 quae
1127 3271 1201 3316 vero
1233 3249 1400 3315 occidente

205 3359 280 3438 sole,
306 3356 478 3441 decrepita,
495 3376 532 3420 eo
556 3355 669 3440 magis,
689 3357 715 3421 si
740 3356 836 3420 etiam
859 3355 1019 3420 solstitiali
1036 3355 1097 3420 die.
1125 3353 1242 3420 Confer
1257 3360 1399 3419 nostram

204 3461 424 3544 longissimam
454 3467 593 3525 aetatem
625 3479 696 3524 cum
726 3459 933 3524 aeternitate:
965 3460 998 3522 in
1022 3457 1134 3523 eadem
1165 3456 1397 3542 propemodum
1498 3519 1509 3540 ,Ἴ

204 3564 369 3644 brevitate,
394 3584 458 3647 qua
480 3565 554 3628 illae
579 3564 744 3647 bestiolae,
768 3564 972 3648 reperiemur.

151 3702 184 3752 oo
308 3685 554 3751 Contemnamus
577 3686 676 3770 igitur
692 3705 801 3751 omnes
821 3685 959 3770 ineptias
976 3682 1075 3768 (quod
1098 3683 1182 3747 enim
1197 3683 1300 3750 levius
1323 3681 1397 3746 huic

202 3791 326 3858 levitati
349 3807 471 3854 nomen·
487 3790 649 3876 imponam
657 3793 686 3872 l)
711 3797 876 3873 totamque
898 3789 964 3854 vim
986 3790 1068 3854 bene
1091 3787 1222 3854 vivendi
1243 3786 1277 3850 in
1300 3787 1397 3852 animi

201 3896 376 3961 roboreae
406 3894 628 3977 magnitudine
654 3903 686 3959 et
716 3893 749 3958 in
780 3893 920 3960 omnium
950 3913 1055 3957 rerum
1087 3891 1296 3956 humanarum
1326 3909 1397 3955 oon·
