<?xml version="1.0" encoding="UTF-8"?>
<!DOCTYPE html PUBLIC "-//W3C//DTD XHTML 1.0 Transitional//EN"
    "http://www.w3.org/TR/xhtml1/DTD/xhtml1-transitional.dtd">
<html xmlns="http://www.w3.org/1999/xhtml" xml:lang="en" lang="en">
 <head>
  <title>
</title>
<meta http-equiv="Content-Type" content="text/html;charset=utf-8" />
  <meta name='ocr-system' content='tesseract 3.04.00' />
  <meta name='ocr-capabilities' content='ocr_page ocr_carea ocr_par ocr_line ocrx_word'/>
</head>
<body>
  <div class='ocr_page' id='page_1' title='image "auscicerosphilo00cicegoog_0086.png"; bbox 0 0 2920 4326; ppageno 0'>
   <div class='ocr_carea' id='block_1_1' title="bbox 170 122 901 191">
    <p class='ocr_par' dir='ltr' id='par_1_1' title="bbox 170 122 901 191">
     <span class='ocr_line' id='line_1_1' title="bbox 170 122 901 191; baseline 0 -20"><span class='ocrx_word' id='word_1_1' title='bbox 170 128 210 191; x_wconf 75' lang='lat'>72</span> <span class='ocrx_word' id='word_1_2' title='bbox 622 125 725 189; x_wconf 76' lang='lat' dir='ltr'>Disput.</span> <span class='ocrx_word' id='word_1_3' title='bbox 745 122 901 172; x_wconf 75' lang='lat' dir='ltr'>Tusculanae</span> 
     </span>
    </p>
   </div>
   <div class='ocr_carea' id='block_1_2' title="bbox 115 317 1455 3951">
    <p class='ocr_par' dir='ltr' id='par_1_2' title="bbox 168 317 1455 832">
     <span class='ocr_line' id='line_1_2' title="bbox 168 317 1455 418; baseline -0.006 -18"><span class='ocrx_word' id='word_1_4' title='bbox 168 337 267 418; x_wconf 89' lang='lat' dir='ltr'>igitur</span> <span class='ocrx_word' id='word_1_5' title='bbox 289 334 407 398; x_wconf 87' lang='lat' dir='ltr'>malurn</span> <span class='ocrx_word' id='word_1_6' title='bbox 431 341 487 412; x_wconf 84' lang='lat' dir='ltr'>est,</span> <span class='ocrx_word' id='word_1_7' title='bbox 513 335 662 416; x_wconf 87' lang='lat' dir='ltr'>quoniam</span> <span class='ocrx_word' id='word_1_8' title='bbox 685 331 764 396; x_wconf 88' lang='lat' dir='ltr'>nihil</span> <span class='ocrx_word' id='word_1_9' title='bbox 787 333 915 395; x_wconf 90' lang='lat' dir='ltr'>tertium</span> <span class='ocrx_word' id='word_1_10' title='bbox 938 331 1012 396; x_wconf 83' lang='lat' dir='ltr'>est?</span> <span class='ocrx_word' id='word_1_11' title='bbox 1035 331 1087 395; x_wconf 87' lang='lat' dir='ltr'>An</span> <span class='ocrx_word' id='word_1_12' title='bbox 1102 329 1189 412; x_wconf 92' lang='lat' dir='ltr'>quod</span> <span class='ocrx_word' id='word_1_13' title='bbox 1204 333 1283 416; x_wconf 89' lang='lat' dir='ltr'>ipse</span> <span class='ocrx_word' id='word_1_14' title='bbox 1307 332 1386 394; x_wconf 85' lang='lat' dir='ltr'>ani-</span> <span class='ocrx_word' id='word_1_15' title='bbox 1454 317 1455 330; x_wconf 45' lang='lat'>¹</span> 
     </span>
     <span class='ocr_line' id='line_1_3' title="bbox 169 433 1455 524; baseline -0.002 -21"><span class='ocrx_word' id='word_1_16' title='bbox 169 441 211 503; x_wconf 94' lang='lat' dir='ltr'>mi</span> <span class='ocrx_word' id='word_1_17' title='bbox 235 437 397 504; x_wconf 74' lang='lat' dir='ltr'>discessus</span> <span class='ocrx_word' id='word_1_18' title='bbox 419 457 439 500; x_wconf 89' lang='lat' dir='ltr'>a</span> <span class='ocrx_word' id='word_1_19' title='bbox 462 455 595 522; x_wconf 87' lang='lat' dir='ltr'>corpore</span> <span class='ocrx_word' id='word_1_20' title='bbox 618 456 681 500; x_wconf 89' lang='lat' dir='ltr'>non</span> <span class='ocrx_word' id='word_1_21' title='bbox 705 433 740 498; x_wconf 86' lang='lat' dir='ltr'>fit</span> <span class='ocrx_word' id='word_1_22' title='bbox 763 433 978 500; x_wconf 79' lang='lat' dir='ltr'>sinedolore?</span> <span class='ocrx_word' id='word_1_23' title='bbox 1002 433 1045 499; x_wconf 91' lang='lat' dir='ltr'>Ut</span> <span class='ocrx_word' id='word_1_24' title='bbox 1066 434 1196 499; x_wconf 88' lang='lat' dir='ltr'>credam</span> <span class='ocrx_word' id='word_1_25' title='bbox 1211 437 1258 498; x_wconf 86' lang='grc'>116</span> <span class='ocrx_word' id='word_1_26' title='bbox 1286 453 1383 514; x_wconf 83' lang='grc'><strong>6666,</strong></span> <span class='ocrx_word' id='word_1_27' title='bbox 1454 519 1455 524; x_wconf 9' lang='lat'>¹</span> 
     </span>
     <span class='ocr_line' id='line_1_4' title="bbox 168 538 1455 625; baseline -0.005 -17"><span class='ocrx_word' id='word_1_28' title='bbox 168 563 263 625; x_wconf 87' lang='lat' dir='ltr'>quam</span> <span class='ocrx_word' id='word_1_29' title='bbox 286 548 334 606; x_wconf 91' lang='lat' dir='ltr'>est</span> <span class='ocrx_word' id='word_1_30' title='bbox 357 541 391 607; x_wconf 94' lang='lat' dir='ltr'>id</span> <span class='ocrx_word' id='word_1_31' title='bbox 415 542 583 624; x_wconf 85' lang='lat' dir='ltr'>exiguum!</span> <span class='ocrx_word' id='word_1_32' title='bbox 607 539 672 605; x_wconf 85' lang='lat' dir='ltr'>Sed</span> <span class='ocrx_word' id='word_1_33' title='bbox 694 539 811 605; x_wconf 84' lang='lat' dir='ltr'>salsum</span> <span class='ocrx_word' id='word_1_34' title='bbox 835 558 907 604; x_wconf 90' lang='lat' dir='ltr'>esse</span> <span class='ocrx_word' id='word_1_35' title='bbox 930 539 1077 620; x_wconf 85' lang='lat' dir='ltr'><strong>arbitror,</strong></span> <span class='ocrx_word' id='word_1_36' title='bbox 1101 545 1133 604; x_wconf 89' lang='lat' dir='ltr'>et</span> <span class='ocrx_word' id='word_1_37' title='bbox 1166 538 1202 602; x_wconf 91' lang='lat' dir='ltr'>fit</span> <span class='ocrx_word' id='word_1_38' title='bbox 1226 540 1381 622; x_wconf 88' lang='lat' dir='ltr'>plerum·</span> <span class='ocrx_word' id='word_1_39' title='bbox 1454 595 1455 612; x_wconf 75' lang='grc'><strong>,</strong></span> 
     </span>
     <span class='ocr_line' id='line_1_5' title="bbox 168 645 1455 729; baseline -0.005 -17"><span class='ocrx_word' id='word_1_40' title='bbox 168 667 229 729; x_wconf 91' lang='lat' dir='ltr'>que</span> <span class='ocrx_word' id='word_1_41' title='bbox 253 649 321 711; x_wconf 92' lang='lat' dir='ltr'>sine</span> <span class='ocrx_word' id='word_1_42' title='bbox 345 665 449 726; x_wconf 79' lang='lat' dir='ltr'>sensu,</span> <span class='ocrx_word' id='word_1_43' title='bbox 478 664 736 728; x_wconf 92' lang='lat' dir='ltr'>nonnumquam</span> <span class='ocrx_word' id='word_1_44' title='bbox 767 647 863 708; x_wconf 88' lang='lat' dir='ltr'>etiarn</span> <span class='ocrx_word' id='word_1_45' title='bbox 886 663 959 708; x_wconf 88' lang='lat' dir='ltr'>cum</span> <span class='ocrx_word' id='word_1_46' title='bbox 988 645 1162 728; x_wconf 86' lang='lat' dir='ltr'>voluptate,</span> <span class='ocrx_word' id='word_1_47' title='bbox 1192 650 1379 726; x_wconf 91' lang='lat' dir='ltr'>totumque</span> <span class='ocrx_word' id='word_1_48' title='bbox 1454 667 1455 706; x_wconf 73' lang='grc'>1</span> 
     </span>
     <span class='ocr_line' id='line_1_6' title="bbox 168 747 1455 832; baseline -0.001 -18"><span class='ocrx_word' id='word_1_49' title='bbox 168 750 227 814; x_wconf 87' lang='grc'><strong>1166</strong></span> <span class='ocrx_word' id='word_1_50' title='bbox 250 752 321 816; x_wconf 83' lang='grc'><strong>1616</strong></span> <span class='ocrx_word' id='word_1_51' title='bbox 345 757 403 830; x_wconf 85' lang='grc'><strong>661,</strong></span> <span class='ocrx_word' id='word_1_52' title='bbox 428 751 660 832; x_wconf 77' lang='lat' dir='ltr'>qualecumque</span> <span class='ocrx_word' id='word_1_53' title='bbox 683 755 746 831; x_wconf 86' lang='lat' dir='ltr'>est;</span> <span class='ocrx_word' id='word_1_54' title='bbox 772 747 807 811; x_wconf 88' lang='lat' dir='ltr'>fit</span> <span class='ocrx_word' id='word_1_55' title='bbox 830 751 914 812; x_wconf 91' lang='lat' dir='ltr'>enim</span> <span class='ocrx_word' id='word_1_56' title='bbox 936 747 979 812; x_wconf 89' lang='lat' dir='ltr'>ad</span> <span class='ocrx_word' id='word_1_57' title='bbox 1013 755 1163 832; x_wconf 91' lang='lat' dir='ltr'>punctum</span> <span class='ocrx_word' id='word_1_58' title='bbox 1193 752 1375 831; x_wconf 84' lang='lat' dir='ltr'>temporis,</span> <span class='ocrx_word' id='word_1_59' title='bbox 1454 749 1455 770; x_wconf 79' lang='lat'>³</span> 
     </span>
    </p>

    <p class='ocr_par' dir='ltr' id='par_1_3' title="bbox 116 851 1455 1871">
     <span class='ocr_line' id='line_1_7' title="bbox 116 851 1455 936; baseline 0.001 -20"><span class='ocrx_word' id='word_1_60' title='bbox 116 865 149 916; x_wconf 86' lang='lat'>83</span> <span class='ocrx_word' id='word_1_61' title='bbox 169 854 252 919; x_wconf 90' lang='lat' dir='ltr'>lllud</span> <span class='ocrx_word' id='word_1_62' title='bbox 275 856 366 936; x_wconf 90' lang='lat' dir='ltr'>angit</span> <span class='ocrx_word' id='word_1_63' title='bbox 389 855 439 918; x_wconf 88' lang='lat' dir='ltr'>vel</span> <span class='ocrx_word' id='word_1_64' title='bbox 464 856 569 936; x_wconf 88' lang='lat' dir='ltr'>potius</span> <span class='ocrx_word' id='word_1_65' title='bbox 593 855 767 933; x_wconf 86' lang='lat' dir='ltr'>excruciat,</span> <span class='ocrx_word' id='word_1_66' title='bbox 791 851 952 917; x_wconf 79' lang='lat' dir='ltr'>discessus</span> <span class='ocrx_word' id='word_1_67' title='bbox 974 852 1014 916; x_wconf 91' lang='lat' dir='ltr'>ab</span> <span class='ocrx_word' id='word_1_68' title='bbox 1038 853 1183 916; x_wconf 90' lang='lat' dir='ltr'>omnibus</span> <span class='ocrx_word' id='word_1_69' title='bbox 1204 854 1255 932; x_wconf 88' lang='grc'><strong>116,</strong></span> <span class='ocrx_word' id='word_1_70' title='bbox 1284 873 1378 935; x_wconf 88' lang='lat' dir='ltr'>quae</span> <span class='ocrx_word' id='word_1_71' title='bbox 1454 885 1455 908; x_wconf 53' lang='lat' dir='ltr'>r</span> 
     </span>
     <span class='ocr_line' id='line_1_8' title="bbox 168 957 1455 1041; baseline -0.002 -19"><span class='ocrx_word' id='word_1_72' title='bbox 168 965 241 1022; x_wconf 91' lang='lat' dir='ltr'>sunt</span> <span class='ocrx_word' id='word_1_73' title='bbox 264 959 349 1023; x_wconf 89' lang='lat' dir='ltr'>bona</span> <span class='ocrx_word' id='word_1_74' title='bbox 372 961 405 1023; x_wconf 94' lang='lat' dir='ltr'>in</span> <span class='ocrx_word' id='word_1_75' title='bbox 427 963 502 1024; x_wconf 89' lang='lat' dir='ltr'>vita.</span> <span class='ocrx_word' id='word_1_76' title='bbox 550 957 1235 1041; x_wconf 64' lang='grc'><strong>1166666666116116116666661.</strong></span> <span class='ocrx_word' id='word_1_77' title='bbox 1279 957 1376 1033; x_wconf 81' lang='lat' dir='ltr'>Quid</span> <span class='ocrx_word' id='word_1_78' title='bbox 1454 977 1455 1034; x_wconf 56' lang='grc' dir='ltr'>ξ</span> 
     </span>
     <span class='ocr_line' id='line_1_9' title="bbox 168 1061 1375 1150; baseline 0 -24"><span class='ocrx_word' id='word_1_79' title='bbox 168 1083 230 1146; x_wconf 91' lang='lat' dir='ltr'>ego</span> <span class='ocrx_word' id='word_1_80' title='bbox 255 1082 339 1126; x_wconf 89' lang='lat' dir='ltr'>nune</span> <span class='ocrx_word' id='word_1_81' title='bbox 362 1063 491 1146; x_wconf 80' lang='lat' dir='ltr'>lugeam</span> <span class='ocrx_word' id='word_1_82' title='bbox 515 1065 612 1127; x_wconf 90' lang='lat' dir='ltr'>vitam</span> <span class='ocrx_word' id='word_1_83' title='bbox 636 1063 824 1127; x_wconf 81' lang='lat' dir='ltr'>hominum?</span> <span class='ocrx_word' id='word_1_84' title='bbox 847 1061 933 1126; x_wconf 90' lang='lat' dir='ltr'>Vere</span> <span class='ocrx_word' id='word_1_85' title='bbox 964 1068 996 1125; x_wconf 91' lang='lat' dir='ltr'>et</span> <span class='ocrx_word' id='word_1_86' title='bbox 1024 1064 1094 1150; x_wconf 88' lang='lat' dir='ltr'>iure</span> <span class='ocrx_word' id='word_1_87' title='bbox 1123 1081 1271 1147; x_wconf 82' lang='lat' dir='ltr'>possum;</span> <span class='ocrx_word' id='word_1_88' title='bbox 1309 1062 1375 1126; x_wconf 89' lang='lat' dir='ltr'>sed</span> 
     </span>
     <span class='ocr_line' id='line_1_10' title="bbox 166 1165 1373 1250; baseline 0 -20"><span class='ocrx_word' id='word_1_89' title='bbox 166 1165 244 1248; x_wconf 89' lang='lat' dir='ltr'>quid</span> <span class='ocrx_word' id='word_1_90' title='bbox 267 1186 401 1232; x_wconf 88' lang='lat' dir='ltr'>necesse</span> <span class='ocrx_word' id='word_1_91' title='bbox 424 1173 483 1246; x_wconf 87' lang='lat' dir='ltr'>est,</span> <span class='ocrx_word' id='word_1_92' title='bbox 508 1186 579 1232; x_wconf 91' lang='lat' dir='ltr'>oum</span> <span class='ocrx_word' id='word_1_93' title='bbox 610 1167 643 1231; x_wconf 94' lang='lat' dir='ltr'>id</span> <span class='ocrx_word' id='word_1_94' title='bbox 667 1187 772 1248; x_wconf 87' lang='lat' dir='ltr'>agam,</span> <span class='ocrx_word' id='word_1_95' title='bbox 808 1187 848 1230; x_wconf 91' lang='lat' dir='ltr'>ne</span> <span class='ocrx_word' id='word_1_96' title='bbox 877 1173 1105 1250; x_wconf 85' lang='lat' dir='ltr'>postmortem</span> <span class='ocrx_word' id='word_1_97' title='bbox 1138 1167 1271 1230; x_wconf 88' lang='lat' dir='ltr'>miseros</span> <span class='ocrx_word' id='word_1_98' title='bbox 1308 1186 1373 1230; x_wconf 91' lang='lat' dir='ltr'>nos</span> 
     </span>
     <span class='ocr_line' id='line_1_11' title="bbox 165 1269 1373 1354; baseline -0.001 -20"><span class='ocrx_word' id='word_1_99' title='bbox 165 1277 313 1354; x_wconf 91' lang='lat' dir='ltr'>putemus</span> <span class='ocrx_word' id='word_1_100' title='bbox 337 1270 416 1351; x_wconf 84' lang='lat' dir='ltr'>fore,</span> <span class='ocrx_word' id='word_1_101' title='bbox 441 1272 537 1336; x_wconf 87' lang='lat' dir='ltr'>etiam</span> <span class='ocrx_word' id='word_1_102' title='bbox 556 1273 654 1335; x_wconf 86' lang='lat' dir='ltr'>vitam</span> <span class='ocrx_word' id='word_1_103' title='bbox 670 1269 799 1334; x_wconf 83' lang='lat' dir='ltr'>efficere</span> <span class='ocrx_word' id='word_1_104' title='bbox 816 1269 1012 1354; x_wconf 90' lang='lat' dir='ltr'>deplorando</span> <span class='ocrx_word' id='word_1_105' title='bbox 1036 1270 1257 1334; x_wconf 84' lang='lat' dir='ltr'>miseriorem?</span> <span class='ocrx_word' id='word_1_106' title='bbox 1273 1270 1373 1335; x_wconf 85' lang='lat' dir='ltr'>Feci-</span> 
     </span>
     <span class='ocr_line' id='line_1_12' title="bbox 166 1374 1370 1458; baseline 0.001 -20"><span class='ocrx_word' id='word_1_107' title='bbox 166 1393 236 1438; x_wconf 91' lang='lat' dir='ltr'>mus</span> <span class='ocrx_word' id='word_1_108' title='bbox 260 1374 379 1438; x_wconf 91' lang='lat' dir='ltr'>hocin</span> <span class='ocrx_word' id='word_1_109' title='bbox 403 1393 441 1438; x_wconf 91' lang='lat' dir='ltr'>eo</span> <span class='ocrx_word' id='word_1_110' title='bbox 466 1375 556 1456; x_wconf 82' lang='lat' dir='ltr'>libro,</span> <span class='ocrx_word' id='word_1_111' title='bbox 580 1377 612 1438; x_wconf 94' lang='lat' dir='ltr'>in</span> <span class='ocrx_word' id='word_1_112' title='bbox 636 1393 697 1456; x_wconf 94' lang='lat' dir='ltr'>quo</span> <span class='ocrx_word' id='word_1_113' title='bbox 728 1381 854 1440; x_wconf 93' lang='lat' dir='ltr'>nosmet</span> <span class='ocrx_word' id='word_1_114' title='bbox 883 1377 981 1458; x_wconf 82' lang='lat' dir='ltr'>ipsos,</span> <span class='ocrx_word' id='word_1_115' title='bbox 1005 1379 1157 1456; x_wconf 92' lang='lat' dir='ltr'>quantum</span> <span class='ocrx_word' id='word_1_116' title='bbox 1191 1377 1370 1457; x_wconf 88' lang='lat' dir='ltr'>potuimus,</span> 
     </span>
     <span class='ocr_line' id='line_1_13' title="bbox 168 1476 1369 1560; baseline 0.001 -18"><span class='ocrx_word' id='word_1_117' title='bbox 168 1481 324 1543; x_wconf 86' lang='lat' dir='ltr'>consolati</span> <span class='ocrx_word' id='word_1_118' title='bbox 348 1497 466 1543; x_wconf 91' lang='lat' dir='ltr'>sumus.</span> <span class='ocrx_word' id='word_1_119' title='bbox 513 1479 658 1543; x_wconf 83' lang='lat' dir='ltr'>Amalis</span> <span class='ocrx_word' id='word_1_120' title='bbox 692 1481 791 1560; x_wconf 89' lang='lat' dir='ltr'>igitur</span> <span class='ocrx_word' id='word_1_121' title='bbox 824 1497 909 1543; x_wconf 90' lang='lat' dir='ltr'>mors</span> <span class='ocrx_word' id='word_1_122' title='bbox 933 1476 1073 1558; x_wconf 85' lang='lat' dir='ltr'>abducit,</span> <span class='ocrx_word' id='word_1_123' title='bbox 1107 1499 1172 1542; x_wconf 93' lang='lat' dir='ltr'>non</span> <span class='ocrx_word' id='word_1_124' title='bbox 1204 1499 1224 1542; x_wconf 89' lang='lat' dir='ltr'>a</span> <span class='ocrx_word' id='word_1_125' title='bbox 1257 1479 1369 1558; x_wconf 86' lang='lat' dir='ltr'>bonis,</span> 
     </span>
     <span class='ocr_line' id='line_1_14' title="bbox 168 1581 1370 1666; baseline 0.002 -21"><span class='ocrx_word' id='word_1_126' title='bbox 168 1603 278 1647; x_wconf 90' lang='lat' dir='ltr'>verum</span> <span class='ocrx_word' id='word_1_127' title='bbox 301 1585 329 1648; x_wconf 92' lang='lat' dir='ltr'>si</span> <span class='ocrx_word' id='word_1_128' title='bbox 352 1585 545 1664; x_wconf 76' lang='lat' dir='ltr'>quaerimus.</span> <span class='ocrx_word' id='word_1_129' title='bbox 592 1583 632 1647; x_wconf 83' lang='lat' dir='ltr'>llt</span> <span class='ocrx_word' id='word_1_130' title='bbox 667 1582 794 1665; x_wconf 91' lang='lat' dir='ltr'>quidem</span> <span class='ocrx_word' id='word_1_131' title='bbox 818 1582 877 1646; x_wconf 90' lang='lat' dir='ltr'>hoc</span> <span class='ocrx_word' id='word_1_132' title='bbox 901 1602 921 1645; x_wconf 92' lang='grc'>6</span> <span class='ocrx_word' id='word_1_133' title='bbox 943 1581 1120 1666; x_wconf 80' lang='lat' dir='ltr'>Cyrenaico</span> <span class='ocrx_word' id='word_1_134' title='bbox 1150 1581 1294 1664; x_wconf 83' lang='lat' dir='ltr'>Hegesia</span> <span class='ocrx_word' id='word_1_135' title='bbox 1320 1587 1370 1648; x_wconf 91' lang='lat' dir='ltr'>sic</span> 
     </span>
     <span class='ocr_line' id='line_1_15' title="bbox 165 1686 1367 1770; baseline 0.002 -20"><span class='ocrx_word' id='word_1_136' title='bbox 165 1689 296 1770; x_wconf 82' lang='lat' dir='ltr'>copiose</span> <span class='ocrx_word' id='word_1_137' title='bbox 319 1686 508 1770; x_wconf 80' lang='lat' dir='ltr'>disputatur,</span> <span class='ocrx_word' id='word_1_138' title='bbox 533 1693 570 1751; x_wconf 91' lang='lat' dir='ltr'>ut</span> <span class='ocrx_word' id='word_1_139' title='bbox 593 1690 621 1752; x_wconf 90' lang='lat' dir='ltr'>is</span> <span class='ocrx_word' id='word_1_140' title='bbox 645 1707 764 1769; x_wconf 87' lang='lat' dir='ltr'>aroge</span> <span class='ocrx_word' id='word_1_141' title='bbox 788 1686 974 1750; x_wconf 89' lang='lat' dir='ltr'>Ptolomaeo</span> <span class='ocrx_word' id='word_1_142' title='bbox 1007 1687 1188 1770; x_wconf 87' lang='lat' dir='ltr'>prohibitus</span> <span class='ocrx_word' id='word_1_143' title='bbox 1222 1705 1295 1752; x_wconf 90' lang='lat' dir='ltr'>esse</span> <span class='ocrx_word' id='word_1_144' title='bbox 1320 1687 1367 1751; x_wconf 90' lang='lat' dir='ltr'>di-</span> 
     </span>
     <span class='ocr_line' id='line_1_16' title="bbox 166 1790 1363 1871; baseline 0 -16"><span class='ocrx_word' id='word_1_145' title='bbox 166 1796 255 1855; x_wconf 88' lang='grc'><strong>66161</strong></span> <span class='ocrx_word' id='word_1_146' title='bbox 278 1791 333 1855; x_wconf 89' lang='grc'><strong>1116</strong></span> <span class='ocrx_word' id='word_1_147' title='bbox 357 1793 388 1854; x_wconf 92' lang='lat' dir='ltr'>in</span> <span class='ocrx_word' id='word_1_148' title='bbox 412 1790 532 1855; x_wconf 86' lang='lat' dir='ltr'>scholis</span> <span class='ocrx_word' id='word_1_149' title='bbox 556 1791 674 1871; x_wconf 79' lang='lat' dir='ltr'>dicere,</span> <span class='ocrx_word' id='word_1_150' title='bbox 699 1810 771 1855; x_wconf 89' lang='lat' dir='ltr'>eum</span> <span class='ocrx_word' id='word_1_151' title='bbox 794 1792 885 1855; x_wconf 91' lang='lat' dir='ltr'>multi</span> <span class='ocrx_word' id='word_1_152' title='bbox 908 1793 947 1855; x_wconf 91' lang='lat' dir='ltr'>iis</span> <span class='ocrx_word' id='word_1_153' title='bbox 977 1790 1094 1855; x_wconf 90' lang='lat' dir='ltr'>auditis</span> <span class='ocrx_word' id='word_1_154' title='bbox 1128 1797 1263 1854; x_wconf 91' lang='lat' dir='ltr'>mortem</span> <span class='ocrx_word' id='word_1_155' title='bbox 1297 1793 1363 1856; x_wconf 90' lang='lat' dir='ltr'>sibi</span> 
     </span>
    </p>

    <p class='ocr_par' dir='ltr' id='par_1_4' title="bbox 117 1894 1364 2910">
     <span class='ocr_line' id='line_1_17' title="bbox 117 1894 1364 1978; baseline 0.004 -24"><span class='ocrx_word' id='word_1_156' title='bbox 117 1904 151 1955; x_wconf 84' lang='lat'>84</span> <span class='ocrx_word' id='word_1_157' title='bbox 170 1897 234 1978; x_wconf 92' lang='lat' dir='ltr'>ipsi</span> <span class='ocrx_word' id='word_1_158' title='bbox 258 1898 501 1960; x_wconf 72' lang='lat' dir='ltr'>consciscerent.</span> <span class='ocrx_word' id='word_1_159' title='bbox 549 1894 737 1960; x_wconf 79' lang='lat' dir='ltr'>Callimachi</span> <span class='ocrx_word' id='word_1_160' title='bbox 760 1894 888 1976; x_wconf 92' lang='lat' dir='ltr'>quidem</span> <span class='ocrx_word' id='word_1_161' title='bbox 912 1897 1109 1978; x_wconf 86' lang='lat' dir='ltr'>epigramma</span> <span class='ocrx_word' id='word_1_162' title='bbox 1130 1897 1163 1958; x_wconf 93' lang='lat' dir='ltr'>in</span> <span class='ocrx_word' id='word_1_163' title='bbox 1179 1895 1364 1960; x_wconf 84' lang='lat' dir='ltr'>Ambracio-</span> 
     </span>
     <span class='ocr_line' id='line_1_18' title="bbox 168 1997 1362 2080; baseline 0.003 -20"><span class='ocrx_word' id='word_1_164' title='bbox 168 2003 233 2062; x_wconf 86' lang='lat' dir='ltr'>tam</span> <span class='ocrx_word' id='word_1_165' title='bbox 251 1997 487 2064; x_wconf 79' lang='lat' dir='ltr'>Cleombrotum</span> <span class='ocrx_word' id='word_1_166' title='bbox 511 2007 568 2080; x_wconf 88' lang='lat' dir='ltr'>est,</span> <span class='ocrx_word' id='word_1_167' title='bbox 593 2019 686 2080; x_wconf 88' lang='lat' dir='ltr'>quern</span> <span class='ocrx_word' id='word_1_168' title='bbox 709 2001 762 2078; x_wconf 86' lang='lat' dir='ltr'>ait,</span> <span class='ocrx_word' id='word_1_169' title='bbox 784 2017 856 2063; x_wconf 89' lang='lat' dir='ltr'>cum</span> <span class='ocrx_word' id='word_1_170' title='bbox 880 2001 910 2062; x_wconf 94' lang='lat' dir='ltr'>ei</span> <span class='ocrx_word' id='word_1_171' title='bbox 932 1999 1011 2063; x_wconf 93' lang='lat' dir='ltr'>nihil</span> <span class='ocrx_word' id='word_1_172' title='bbox 1035 1997 1206 2064; x_wconf 84' lang='lat' dir='ltr'>accidisset</span> <span class='ocrx_word' id='word_1_173' title='bbox 1221 1998 1362 2080; x_wconf 84' lang='lat' dir='ltr'>adversi,</span> 
     </span>
     <span class='ocr_line' id='line_1_19' title="bbox 169 2102 1361 2185; baseline 0.002 -19"><span class='ocrx_word' id='word_1_174' title='bbox 169 2122 298 2167; x_wconf 88' lang='lat' dir='ltr'>emuro</span> <span class='ocrx_word' id='word_1_175' title='bbox 322 2123 357 2167; x_wconf 93' lang='lat' dir='ltr'>se</span> <span class='ocrx_word' id='word_1_176' title='bbox 380 2105 413 2166; x_wconf 91' lang='lat' dir='ltr'>in</span> <span class='ocrx_word' id='word_1_177' title='bbox 436 2123 523 2167; x_wconf 91' lang='lat' dir='ltr'>mare</span> <span class='ocrx_word' id='word_1_178' title='bbox 546 2104 703 2168; x_wconf 87' lang='lat' dir='ltr'>abiecisse</span> <span class='ocrx_word' id='word_1_179' title='bbox 726 2104 808 2167; x_wconf 90' lang='lat' dir='ltr'>lecto</span> <span class='ocrx_word' id='word_1_180' title='bbox 832 2102 976 2167; x_wconf 90' lang='lat' dir='ltr'>Platonis</span> <span class='ocrx_word' id='word_1_181' title='bbox 1008 2103 1097 2167; x_wconf 90' lang='lat' dir='ltr'>libro.</span> <span class='ocrx_word' id='word_1_182' title='bbox 1143 2102 1220 2168; x_wconf 85' lang='lat' dir='ltr'>Eius</span> <span class='ocrx_word' id='word_1_183' title='bbox 1243 2110 1361 2185; x_wconf 79' lang='lat' dir='ltr'>autem,</span> 
     </span>
     <span class='ocr_line' id='line_1_20' title="bbox 169 2205 1361 2290; baseline 0.002 -20"><span class='ocrx_word' id='word_1_184' title='bbox 169 2227 262 2288; x_wconf 91' lang='lat' dir='ltr'>quem</span> <span class='ocrx_word' id='word_1_185' title='bbox 285 2205 361 2287; x_wconf 82' lang='lat' dir='ltr'>dixi,</span> <span class='ocrx_word' id='word_1_186' title='bbox 385 2208 547 2289; x_wconf 86' lang='lat' dir='ltr'>Hegesiae</span> <span class='ocrx_word' id='word_1_187' title='bbox 570 2208 651 2272; x_wconf 91' lang='lat' dir='ltr'>liber</span> <span class='ocrx_word' id='word_1_188' title='bbox 674 2215 723 2272; x_wconf 90' lang='lat' dir='ltr'>est</span> <span class='ocrx_word' id='word_1_189' title='bbox 747 2207 1000 2290; x_wconf 81' lang='grc' dir='ltr'><strong>Ἃποκαρτερῶν,</strong></span> <span class='ocrx_word' id='word_1_190' title='bbox 1023 2207 1056 2270; x_wconf 95' lang='lat' dir='ltr'>in</span> <span class='ocrx_word' id='word_1_191' title='bbox 1080 2227 1141 2289; x_wconf 94' lang='lat' dir='ltr'>quo</span> <span class='ocrx_word' id='word_1_192' title='bbox 1164 2229 1184 2272; x_wconf 91' lang='lat' dir='ltr'>a</span> <span class='ocrx_word' id='word_1_193' title='bbox 1206 2210 1273 2272; x_wconf 88' lang='lat' dir='ltr'>vita</span> <span class='ocrx_word' id='word_1_194' title='bbox 1295 2211 1361 2290; x_wconf 92' lang='lat' dir='ltr'>qui-</span> 
     </span>
     <span class='ocr_line' id='line_1_21' title="bbox 168 2310 1361 2396; baseline 0.003 -23"><span class='ocrx_word' id='word_1_195' title='bbox 168 2310 242 2374; x_wconf 89' lang='lat' dir='ltr'>dam</span> <span class='ocrx_word' id='word_1_196' title='bbox 264 2331 322 2394; x_wconf 91' lang='lat' dir='ltr'>per</span> <span class='ocrx_word' id='word_1_197' title='bbox 344 2311 483 2378; x_wconf 88' lang='lat' dir='ltr'>inediam</span> <span class='ocrx_word' id='word_1_198' title='bbox 507 2311 674 2378; x_wconf 88' lang='lat' dir='ltr'>discedens</span> <span class='ocrx_word' id='word_1_199' title='bbox 697 2319 865 2376; x_wconf 90' lang='lat' dir='ltr'>revocatur</span> <span class='ocrx_word' id='word_1_200' title='bbox 887 2311 928 2376; x_wconf 88' lang='lat' dir='ltr'>ab</span> <span class='ocrx_word' id='word_1_201' title='bbox 951 2314 1072 2392; x_wconf 82' lang='lat' dir='ltr'>amicis,</span> <span class='ocrx_word' id='word_1_202' title='bbox 1097 2312 1210 2393; x_wconf 88' lang='lat' dir='ltr'>quibus</span> <span class='ocrx_word' id='word_1_203' title='bbox 1232 2331 1361 2396; x_wconf 89' lang='lat' dir='ltr'>respon-</span> 
     </span>
     <span class='ocr_line' id='line_1_22' title="bbox 169 2413 1360 2497; baseline 0.003 -20"><span class='ocrx_word' id='word_1_204' title='bbox 169 2413 248 2478; x_wconf 89' lang='lat' dir='ltr'>dens</span> <span class='ocrx_word' id='word_1_205' title='bbox 271 2417 356 2478; x_wconf 89' lang='lat' dir='ltr'>vitae</span> <span class='ocrx_word' id='word_1_206' title='bbox 378 2413 536 2481; x_wconf 91' lang='lat' dir='ltr'>humanae</span> <span class='ocrx_word' id='word_1_207' title='bbox 560 2423 725 2481; x_wconf 89' lang='lat' dir='ltr'>enumerat</span> <span class='ocrx_word' id='word_1_208' title='bbox 740 2414 950 2480; x_wconf 88' lang='lat' dir='ltr'>incommoda.</span> <span class='ocrx_word' id='word_1_209' title='bbox 995 2417 1128 2480; x_wconf 87' lang='lat' dir='ltr'>Possem</span> <span class='ocrx_word' id='word_1_210' title='bbox 1142 2415 1228 2480; x_wconf 91' lang='lat' dir='ltr'>idem</span> <span class='ocrx_word' id='word_1_211' title='bbox 1244 2415 1360 2497; x_wconf 83' lang='lat' dir='ltr'>facere,</span> 
     </span>
     <span class='ocr_line' id='line_1_23' title="bbox 168 2519 1358 2604; baseline 0.002 -22"><span class='ocrx_word' id='word_1_212' title='bbox 168 2521 228 2582; x_wconf 88' lang='lat' dir='ltr'>etsi</span> <span class='ocrx_word' id='word_1_213' title='bbox 251 2521 355 2582; x_wconf 89' lang='lat' dir='ltr'>minus</span> <span class='ocrx_word' id='word_1_214' title='bbox 379 2539 473 2600; x_wconf 91' lang='lat' dir='ltr'>quam</span> <span class='ocrx_word' id='word_1_215' title='bbox 496 2521 560 2600; x_wconf 83' lang='lat' dir='ltr'>ille,</span> <span class='ocrx_word' id='word_1_216' title='bbox 585 2523 638 2600; x_wconf 94' lang='lat' dir='ltr'>qui</span> <span class='ocrx_word' id='word_1_217' title='bbox 662 2523 789 2584; x_wconf 93' lang='lat' dir='ltr'>omnino</span> <span class='ocrx_word' id='word_1_218' title='bbox 813 2521 920 2584; x_wconf 84' lang='lat' dir='ltr'>vivere</span> <span class='ocrx_word' id='word_1_219' title='bbox 943 2519 1095 2604; x_wconf 85' lang='lat' dir='ltr'>expedire</span> <span class='ocrx_word' id='word_1_220' title='bbox 1118 2522 1238 2584; x_wconf 91' lang='lat' dir='ltr'>nemini</span> <span class='ocrx_word' id='word_1_221' title='bbox 1259 2527 1358 2604; x_wconf 85' lang='lat' dir='ltr'>putat.</span> 
     </span>
     <span class='ocr_line' id='line_1_24' title="bbox 168 2622 1358 2708; baseline 0.003 -23"><span class='ocrx_word' id='word_1_222' title='bbox 168 2622 261 2686; x_wconf 91' lang='lat' dir='ltr'>Mitto</span> <span class='ocrx_word' id='word_1_223' title='bbox 285 2623 383 2686; x_wconf 90' lang='lat' dir='ltr'>alios:</span> <span class='ocrx_word' id='word_1_224' title='bbox 408 2625 544 2687; x_wconf 86' lang='lat' dir='ltr'>etiamne</span> <span class='ocrx_word' id='word_1_225' title='bbox 568 2625 660 2687; x_wconf 84' lang='lat' dir='ltr'>nobis</span> <span class='ocrx_word' id='word_1_226' title='bbox 685 2624 841 2708; x_wconf 80' lang='lat' dir='ltr'>expedit?</span> <span class='ocrx_word' id='word_1_227' title='bbox 865 2626 918 2706; x_wconf 91' lang='lat' dir='ltr'>qui</span> <span class='ocrx_word' id='word_1_228' title='bbox 942 2630 973 2688; x_wconf 93' lang='lat' dir='ltr'>et</span> <span class='ocrx_word' id='word_1_229' title='bbox 996 2623 1180 2688; x_wconf 87' lang='lat' dir='ltr'>domesticis</span> <span class='ocrx_word' id='word_1_230' title='bbox 1203 2631 1235 2688; x_wconf 91' lang='lat' dir='ltr'>et</span> <span class='ocrx_word' id='word_1_231' title='bbox 1257 2623 1358 2688; x_wconf 86' lang='lat' dir='ltr'>foren-</span> 
     </span>
     <span class='ocr_line' id='line_1_25' title="bbox 169 2726 1357 2812; baseline 0.003 -22"><span class='ocrx_word' id='word_1_232' title='bbox 169 2726 256 2790; x_wconf 91' lang='lat' dir='ltr'>sibus</span> <span class='ocrx_word' id='word_1_233' title='bbox 280 2727 408 2790; x_wconf 89' lang='lat' dir='ltr'>solaciis</span> <span class='ocrx_word' id='word_1_234' title='bbox 432 2729 690 2809; x_wconf 89' lang='lat' dir='ltr'>ornamentisque</span> <span class='ocrx_word' id='word_1_235' title='bbox 714 2729 830 2812; x_wconf 83' lang='lat' dir='ltr'>privati</span> <span class='ocrx_word' id='word_1_236' title='bbox 854 2733 938 2793; x_wconf 88' lang='lat' dir='ltr'>certe</span> <span class='ocrx_word' id='word_1_237' title='bbox 961 2731 989 2792; x_wconf 91' lang='lat' dir='ltr'>si</span> <span class='ocrx_word' id='word_1_238' title='bbox 1019 2735 1093 2793; x_wconf 89' lang='lat' dir='ltr'>ante</span> <span class='ocrx_word' id='word_1_239' title='bbox 1124 2728 1357 2809; x_wconf 81' lang='lat' dir='ltr'>occidissemus,</span> 
     </span>
     <span class='ocr_line' id='line_1_26' title="bbox 169 2831 988 2910; baseline 0.006 -18"><span class='ocrx_word' id='word_1_240' title='bbox 169 2849 253 2892; x_wconf 87' lang='lat' dir='ltr'>mors</span> <span class='ocrx_word' id='word_1_241' title='bbox 276 2850 334 2894; x_wconf 91' lang='lat' dir='ltr'>nos</span> <span class='ocrx_word' id='word_1_242' title='bbox 358 2852 377 2893; x_wconf 97' lang='grc'>6</span> <span class='ocrx_word' id='word_1_243' title='bbox 400 2831 501 2910; x_wconf 77' lang='lat' dir='ltr'>malis,</span> <span class='ocrx_word' id='word_1_244' title='bbox 525 2852 589 2894; x_wconf 92' lang='lat' dir='ltr'>non</span> <span class='ocrx_word' id='word_1_245' title='bbox 612 2853 632 2894; x_wconf 94' lang='lat' dir='ltr'>a</span> <span class='ocrx_word' id='word_1_246' title='bbox 654 2832 746 2895; x_wconf 88' lang='lat' dir='ltr'>bonis</span> <span class='ocrx_word' id='word_1_247' title='bbox 769 2833 988 2897; x_wconf 83' lang='lat' dir='ltr'>abstraxisset.</span> 
     </span>
    </p>

    <p class='ocr_par' dir='ltr' id='par_1_5' title="bbox 115 2935 1387 3742">
     <span class='ocr_line' id='line_1_27' title="bbox 115 2935 1356 3018; baseline 0.005 -22"><span class='ocrx_word' id='word_1_248' title='bbox 115 2945 148 2996; x_wconf 79' lang='lat'>85</span> <span class='ocrx_word' id='word_1_249' title='bbox 275 2935 323 2999; x_wconf 82' lang='lat' dir='ltr'>Sit</span> <span class='ocrx_word' id='word_1_250' title='bbox 346 2937 444 3017; x_wconf 90' lang='lat' dir='ltr'>igitur</span> <span class='ocrx_word' id='word_1_251' title='bbox 469 2936 595 3017; x_wconf 78' lang='lat' dir='ltr'>aliquis,</span> <span class='ocrx_word' id='word_1_252' title='bbox 620 2938 673 3018; x_wconf 91' lang='lat' dir='ltr'>qui</span> <span class='ocrx_word' id='word_1_253' title='bbox 696 2935 774 3000; x_wconf 93' lang='lat' dir='ltr'>nihil</span> <span class='ocrx_word' id='word_1_254' title='bbox 799 2939 873 3001; x_wconf 88' lang='lat' dir='ltr'>mali</span> <span class='ocrx_word' id='word_1_255' title='bbox 896 2936 1023 3018; x_wconf 79' lang='lat' dir='ltr'>lrabeat,</span> <span class='ocrx_word' id='word_1_256' title='bbox 1047 2939 1168 3002; x_wconf 91' lang='lat' dir='ltr'>nullum</span> <span class='ocrx_word' id='word_1_257' title='bbox 1191 2959 1210 3001; x_wconf 90' lang='lat' dir='ltr'>a</span> <span class='ocrx_word' id='word_1_258' title='bbox 1233 2935 1356 3002; x_wconf 85' lang='lat' dir='ltr'>fortuna</span> 
     </span>
     <span class='ocr_line' id='line_1_28' title="bbox 167 3039 1355 3124; baseline 0.003 -22"><span class='ocrx_word' id='word_1_259' title='bbox 167 3040 284 3102; x_wconf 88' lang='lat' dir='ltr'>vulnus</span> <span class='ocrx_word' id='word_1_260' title='bbox 308 3041 481 3124; x_wconf 86' lang='lat' dir='ltr'>acceperit.</span> <span class='ocrx_word' id='word_1_261' title='bbox 527 3039 674 3104; x_wconf 90' lang='lat' dir='ltr'>Metellus</span> <span class='ocrx_word' id='word_1_262' title='bbox 698 3043 752 3105; x_wconf 92' lang='lat' dir='ltr'>ille</span> <span class='ocrx_word' id='word_1_263' title='bbox 765 3041 928 3106; x_wconf 87' lang='lat' dir='ltr'>honoratis</span> <span class='ocrx_word' id='word_1_264' title='bbox 952 3051 1100 3124; x_wconf 88' lang='lat' dir='ltr'>quattuor·</span> <span class='ocrx_word' id='word_1_265' title='bbox 1123 3042 1206 3122; x_wconf 85' lang='lat' dir='ltr'>filiis,</span> <span class='ocrx_word' id='word_1_266' title='bbox 1223 3049 1257 3106; x_wconf 91' lang='lat' dir='ltr'>at</span> <span class='ocrx_word' id='word_1_267' title='bbox 1272 3044 1355 3123; x_wconf 90' lang='lat' dir='ltr'>quin-</span> 
     </span>
     <span class='ocr_line' id='line_1_29' title="bbox 168 3143 1353 3229; baseline 0.006 -25"><span class='ocrx_word' id='word_1_268' title='bbox 168 3145 324 3223; x_wconf 86' lang='lat' dir='ltr'>quaginta</span> <span class='ocrx_word' id='word_1_269' title='bbox 348 3143 503 3224; x_wconf 82' lang='lat' dir='ltr'>Priamus,</span> <span class='ocrx_word' id='word_1_270' title='bbox 529 3165 546 3207; x_wconf 94' lang='lat' dir='ltr'>e</span> <span class='ocrx_word' id='word_1_271' title='bbox 570 3145 683 3226; x_wconf 89' lang='lat' dir='ltr'>quibus</span> <span class='ocrx_word' id='word_1_272' title='bbox 708 3145 935 3229; x_wconf 87' lang='lat' dir='ltr'>septemdecim</span> <span class='ocrx_word' id='word_1_273' title='bbox 950 3149 1034 3211; x_wconf 90' lang='lat' dir='ltr'>iusta</span> <span class='ocrx_word' id='word_1_274' title='bbox 1057 3165 1156 3211; x_wconf 83' lang='lat' dir='ltr'>uxore</span> <span class='ocrx_word' id='word_1_275' title='bbox 1179 3148 1270 3210; x_wconf 90' lang='lat' dir='ltr'>natis.</span> <span class='ocrx_word' id='word_1_276' title='bbox 1316 3146 1353 3211; x_wconf 93' lang='lat' dir='ltr'>ln</span> 
     </span>
     <span class='ocr_line' id='line_1_30' title="bbox 168 3246 1351 3332; baseline 0.004 -25"><span class='ocrx_word' id='word_1_277' title='bbox 168 3252 300 3326; x_wconf 88' lang='lat' dir='ltr'>utroque</span> <span class='ocrx_word' id='word_1_278' title='bbox 324 3247 459 3310; x_wconf 89' lang='lat' dir='ltr'>candem</span> <span class='ocrx_word' id='word_1_279' title='bbox 482 3246 593 3310; x_wconf 84' lang='lat' dir='ltr'>habuit</span> <span class='ocrx_word' id='word_1_280' title='bbox 616 3248 743 3312; x_wconf 88' lang='lat' dir='ltr'>fortuna</span> <span class='ocrx_word' id='word_1_281' title='bbox 772 3255 973 3332; x_wconf 86' lang='lat' dir='ltr'>potestatem,</span> <span class='ocrx_word' id='word_1_282' title='bbox 1009 3249 1067 3315; x_wconf 92' lang='lat' dir='ltr'>sed</span> <span class='ocrx_word' id='word_1_283' title='bbox 1099 3269 1158 3315; x_wconf 90' lang='lat' dir='ltr'>usa</span> <span class='ocrx_word' id='word_1_284' title='bbox 1191 3253 1223 3314; x_wconf 92' lang='lat' dir='ltr'>in</span> <span class='ocrx_word' id='word_1_285' title='bbox 1257 3251 1351 3314; x_wconf 89' lang='lat' dir='ltr'>altero</span> 
     </span>
     <span class='ocr_line' id='line_1_31' title="bbox 168 3349 1350 3438; baseline 0.005 -26"><span class='ocrx_word' id='word_1_286' title='bbox 168 3355 224 3412; x_wconf 88' lang='lat' dir='ltr'>est.</span> <span class='ocrx_word' id='word_1_287' title='bbox 271 3349 439 3416; x_wconf 90' lang='lat' dir='ltr'>Metellum</span> <span class='ocrx_word' id='word_1_288' title='bbox 464 3353 548 3416; x_wconf 90' lang='lat' dir='ltr'>enim</span> <span class='ocrx_word' id='word_1_289' title='bbox 571 3353 661 3416; x_wconf 89' lang='lat' dir='ltr'>multi</span> <span class='ocrx_word' id='word_1_290' title='bbox 685 3351 742 3415; x_wconf 87' lang='lat' dir='ltr'>lilii</span> <span class='ocrx_word' id='word_1_291' title='bbox 766 3353 850 3416; x_wconf 88' lang='lat' dir='ltr'>tiliae</span> <span class='ocrx_word' id='word_1_292' title='bbox 873 3359 1007 3438; x_wconf 89' lang='lat' dir='ltr'>nepotes</span> <span class='ocrx_word' id='word_1_293' title='bbox 1038 3361 1151 3438; x_wconf 90' lang='lat' dir='ltr'>neptes</span> <span class='ocrx_word' id='word_1_294' title='bbox 1181 3357 1215 3418; x_wconf 90' lang='lat' dir='ltr'>in</span> <span class='ocrx_word' id='word_1_295' title='bbox 1243 3373 1350 3434; x_wconf 88' lang='lat' dir='ltr'>rogum</span> 
     </span>
     <span class='ocr_line' id='line_1_32' title="bbox 167 3455 1387 3548; baseline 0.006 -34"><span class='ocrx_word' id='word_1_296' title='bbox 167 3455 393 3534; x_wconf 79' lang='lat' dir='ltr'>imposuerunt,</span> <span class='ocrx_word' id='word_1_297' title='bbox 419 3455 581 3519; x_wconf 89' lang='lat' dir='ltr'>Priamum</span> <span class='ocrx_word' id='word_1_298' title='bbox 615 3462 704 3520; x_wconf 88' lang='lat' dir='ltr'>tanta</span> <span class='ocrx_word' id='word_1_299' title='bbox 728 3459 881 3539; x_wconf 89' lang='lat' dir='ltr'>progenie</span> <span class='ocrx_word' id='word_1_300' title='bbox 911 3459 1064 3540; x_wconf 78' lang='lat' dir='ltr'>orbatum,</span> <span class='ocrx_word' id='word_1_301' title='bbox 1100 3479 1171 3522; x_wconf 93' lang='lat' dir='ltr'>cum</span> <span class='ocrx_word' id='word_1_302' title='bbox 1204 3460 1237 3522; x_wconf 93' lang='lat' dir='ltr'>in</span> <span class='ocrx_word' id='word_1_303' title='bbox 1270 3479 1348 3521; x_wconf 89' lang='lat' dir='ltr'>aram</span> <span class='ocrx_word' id='word_1_304' title='bbox 1382 3540 1387 3548; x_wconf 24' lang='lat' dir='ltr'><em>l</em></span> 
     </span>
     <span class='ocr_line' id='line_1_33' title="bbox 167 3553 1347 3640; baseline 0.006 -22"><span class='ocrx_word' id='word_1_305' title='bbox 167 3553 375 3640; x_wconf 83' lang='lat' dir='ltr'>confugisset,</span> <span class='ocrx_word' id='word_1_306' title='bbox 400 3559 526 3624; x_wconf 88' lang='lat' dir='ltr'>hostilis</span> <span class='ocrx_word' id='word_1_307' title='bbox 550 3563 840 3625; x_wconf 89' lang='lat' dir='ltr'>manusinteremit.</span> <span class='ocrx_word' id='word_1_308' title='bbox 878 3560 941 3626; x_wconf 88' lang='lat' dir='ltr'>Hic</span> <span class='ocrx_word' id='word_1_309' title='bbox 954 3565 981 3627; x_wconf 93' lang='lat' dir='ltr'>si</span> <span class='ocrx_word' id='word_1_310' title='bbox 1005 3565 1086 3627; x_wconf 86' lang='lat' dir='ltr'>vivis</span> <span class='ocrx_word' id='word_1_311' title='bbox 1110 3561 1184 3626; x_wconf 92' lang='lat' dir='ltr'>filiis</span> <span class='ocrx_word' id='word_1_312' title='bbox 1206 3563 1347 3626; x_wconf 87' lang='lat' dir='ltr'>incolumi</span> 
     </span>
     <span class='ocr_line' id='line_1_34' title="bbox 165 3662 462 3742; baseline 0.017 -19"><span class='ocrx_word' id='word_1_313' title='bbox 165 3679 266 3742; x_wconf 89' lang='lat' dir='ltr'>regno</span> <span class='ocrx_word' id='word_1_314' title='bbox 290 3662 462 3728; x_wconf 89' lang='lat' dir='ltr'>occidisset</span> 
     </span>
    </p>

    <p class='ocr_par' dir='ltr' id='par_1_6' title="bbox 269 3768 873 3951">
     <span class='ocr_line' id='line_1_35' title="bbox 270 3768 840 3851; baseline 0.007 -23"><span class='ocrx_word' id='word_1_315' title='bbox 270 3768 500 3831; x_wconf 77' lang='lat' dir='ltr'>..astante</span> <span class='ocrx_word' id='word_1_316' title='bbox 524 3789 597 3851; x_wconf 93' lang='lat' dir='ltr'>ope</span> <span class='ocrx_word' id='word_1_317' title='bbox 621 3768 840 3832; x_wconf 76' lang='lat' dir='ltr'>barbarica</span> 
     </span>
     <span class='ocr_line' id='line_1_36' title="bbox 269 3870 873 3951; baseline 0.003 -19"><span class='ocrx_word' id='word_1_318' title='bbox 269 3870 412 3933; x_wconf 78' lang='lat' dir='ltr'>Tectis</span> <span class='ocrx_word' id='word_1_319' title='bbox 429 3871 626 3948; x_wconf 83' lang='lat' dir='ltr'>caelatis,</span> <span class='ocrx_word' id='word_1_320' title='bbox 650 3871 873 3951; x_wconf 75' lang='lat' dir='ltr'>laqueatis,</span> 
     </span>
    </p>
   </div>
   <div class='ocr_carea' id='block_1_3' title="bbox 0 0 1464 4326">
    <p class='ocr_par' dir='ltr' id='par_1_7' title="bbox 0 0 1464 4326">
     <span class='ocr_line' id='line_1_37' title="bbox 0 0 1464 4326; baseline 0 4"><span class='ocrx_word' id='word_1_321' title='bbox 0 0 1464 4326; x_wconf 95' lang='lat' dir='ltr'> </span> 
     </span>
    </p>
   </div>
  </div>
 </body>
</html>
