2986 4334
506 254 545 302 De
562 267 589 302 re
607 253 707 318 publica
725 255 746 312 Ι,
767 257 789 306 l.
809 257 833 306 2.
1229 253 1268 317 21

37 485 39 494 ·
72 483 107 522 so
130 465 210 523 seien
246 466 321 524 auch
355 466 386 523 in
419 467 473 524 der
505 467 607 524 Dauer
638 467 710 524 dem
744 467 844 526 Ruhm
878 485 955 542 enge
987 466 1127 526 Grenzen
1160 475 1270 543 gesetzt

69 548 97 626 (ἓ
121 553 173 623 23,
197 547 260 625 24).
306 552 438 612 Deshalb
460 554 533 612 solle
553 553 654 629 Scipio
677 553 740 610 sein
763 553 888 613 Streben
910 554 991 612 nicht
1012 555 1067 612 aul
1078 553 1178 612 Ruhm
1194 556 1269 612 oder

67 639 220 714 sonstigen
242 639 331 696 Lohn
353 639 401 697 bei
424 641 485 698 den
508 640 682 710 Menschen‚
706 643 838 698 sondern
861 641 914 698 auf
933 643 994 698 den
1008 640 1140 698 Himmel
1156 641 1268 700 richten

67 723 95 799 (ἓ
121 722 183 800 25).
229 725 281 784 Als
304 743 344 794 er,
368 729 422 785 der
445 727 641 798 Erzehlende,
671 728 735 788 dies
764 729 865 804 gelobt
893 729 981 800 habe,
1012 729 1089 786 habe
1113 727 1268 786 Africanus

67 815 121 871 ilrn
143 813 173 870 in
196 813 309 871 diesem
331 813 458 873 Vorsetz
481 815 611 873 bestarkt
632 815 695 873 und
718 813 768 872 ihn
800 815 854 873 aul
879 816 933 873 das
957 813 1107 873 Gettliche
1137 816 1168 873 in
1197 815 1268 886 ihm,

67 902 131 957 den
153 901 371 958 unsterblichen
394 901 486 972 Geist,
521 901 729 977 hingewiesen,
752 903 823 960 dem
846 903 901 960 das
923 903 1035 960 edelste
1058 899 1191 973 Strebem
1215 904 1269 960 das

67 989 110 1044 irn
133 986 254 1045 Wirlren
289 989 348 1046 lilrs
369 989 534 1049 Veterland
569 989 652 1064 liege,
687 991 747 1046 den
771 989 848 1064 Weg
881 991 911 1046 in
944 991 1005 1046 den
1027 989 1158 1047 Himmel
1188 989 1269 1047 dffne

67 1072 96 1147 (ἓ
121 1072 271 1148 26-29).

170 1247 241 1306 Von
259 1247 378 1307 Ciceros
394 1249 500 1307 Schrilt
522 1251 561 1307 de
584 1251 748 1326 republica
771 1249 853 1308 hatte
876 1267 946 1308 man
963 1249 1056 1307 eusser
1070 1251 1141 1307 dem
1157 1249 1268 1308 Treum

68 1337 124 1393 des
147 1335 256 1412 Scipio,
280 1337 333 1393 der
348 1337 441 1396 durch
457 1337 545 1394 einen
561 1337 638 1394 dezu
653 1335 806 1394 verlessten
819 1336 1018 1394 Kommentar
1032 1338 1086 1395 des
1098 1335 1268 1395 Makrobius

69 1420 132 1495 (um
157 1424 221 1483 400
239 1441 273 1500 ¹n.
299 1419 383 1496 Chr.)
405 1424 537 1481 erhelten
567 1443 635 1495 war,
665 1443 721 1481 nur
750 1424 883 1481 einzelne
905 1423 1000 1481 thate
1029 1426 1091 1480 und
1121 1423 1267 1499 Angaben

67 1510 118 1566 bei
151 1509 342 1568 lateinischen
377 1510 617 1568 Grammatilrem
650 1513 713 1568 und
746 1511 1103 1581 Kirchenschriltstellern‚
1138 1510 1181 1568 bis
1214 1511 1268 1568 der

68 1597 214 1654 Kerdinal
237 1596 354 1672 Angelo
371 1597 432 1656 Mai
455 1599 485 1655 in
501 1599 582 1655 einer
596 1597 788 1656 Handschrilt
803 1599 857 1655 der
871 1598 1091 1656 vetikanischen
1102 1597 1267 1655 Bibliothek

67 1685 100 1740 in
123 1683 203 1741 Rom
225 1683 274 1740 die
297 1681 494 1760 Entdeclrung
508 1685 635 1755 machte,
659 1683 720 1743 dass
735 1685 804 1742 dort
818 1686 872 1742 der
889 1683 1013 1742 Traktat
1028 1683 1267 1742 einesKirchen-

67 1769 278 1828 schriststellers
317 1771 390 1829 iiber
426 1771 480 1828 der
518 1771 741 1846 ausgeldschten
778 1771 884 1830 Schrift
921 1769 1040 1830 Ciceros
1077 1789 1148 1829 vom
1185 1769 1267 1829 Staat

68 1855 262 1933 geschn'eben
292 1875 359 1916 war.
406 1856 477 1916 Was
506 1859 536 1915 in
566 1859 678 1917 diesem
709 1858 883 1935 Palimpsest
911 1859 1044 1916 erhelten
1076 1859 1138 1915 und
1172 1858 1267 1916 lesber

70 1963 140 2015 war,
164 1945 395 2002 verdffentlichte
419 1963 451 2002 er
472 1945 554 2004 daun
577 1947 606 2002 in
629 1947 725 2004 seiner
748 1945 885 2020 Ausgebe
908 1948 962 2002 der
983 1945 1088 2003 Schrilt
1112 1947 1203 2006 1822.

653 2235 679 2299 I.

180 2372 222 2438 M.
248 2371 368 2453 Catoni,
393 2372 516 2438 homini
539 2371 649 2455 ignoto
672 2380 704 2438 et
727 2391 821 2451 neve,
845 2392 908 2456 que
931 2391 1050 2452 omnes,
1083 2372 1137 2457 qui
1159 2370 1263 2438 isdem

68 2477 166 2542 rebus
201 2473 377 2562 studemus,
410 2475 503 2560 quusi
537 2475 713 2560 exemplari
747 2475 789 2540 ud
824 2475 1015 2542 industriam
1049 2475 1264 2558 virtutemque

69 2579 225 2662 ducimur,
262 2586 348 2647 uerte
378 2580 468 2646 linuit
497 2579 631 2645 Tusculi
662 2600 697 2646 se
727 2581 760 2644 in
791 2579 857 2645 otio
890 2577 1050 2644 delectare
1081 2577 1202 2645 salubri
1232 2586 1265 2645 et

66 2685 249 2769 propinquo
273 2685 354 2751 loeo.
390 2683 455 2750 Sed
477 2683 572 2749 home
595 2681 734 2766 demens,
759 2690 794 2749 ut
817 2683 871 2750 isti
893 2689 1018 2770 putent,
1043 2703 1116 2749 eum
1132 2692 1264 2766 ungeret

67 2807 143 2853 eum
165 2789 343 2855 necessitas
359 2788 454 2870 nulls,
479 2788 513 2852 in
535 2789 587 2854 his
602 2788 697 2854 undis
720 2796 752 2854 et
775 2788 1019 2874 tempestatibus
1042 2787 1084 2852 ad
1108 2806 1264 2853 summam

67 2877 267 2958 senectutem
290 2894 404 2958 maluit
437 2894 549 2958 laeteri
573 2911 669 2976 quam
692 2895 725 2958 in
747 2894 805 2958 illu
826 2893 1057 2976 tranquillitate
1080 2899 1177 2976 atque
1200 2895 1264 2958 otio

67 2996 298 3063 inmundissime
321 2995 440 3064 vivere.
465 2996 586 3062 Omitto
596 2997 845 3063 innumerabiles
868 2995 963 3077 viros,
988 3013 1122 3079 quorum
1146 2997 1263 3080 singuli

68 3100 166 3166 saluti
189 3101 264 3168 huie
284 3099 406 3168 eivitati
430 3102 569 3180 fuerunt,
595 3109 626 3167 et
649 3098 705 3185 qui
727 3101 838 3167 vivunt
861 3101 970 3184 etqui
994 3108 1067 3167 sunt
1090 3101 1199 3186 proeul
1223 3100 1263 3166 ab

67 3207 185 3272 aetatis
207 3206 304 3273 huius
328 3207 496 3289 memeriu3
535 3225 783 3273 commemorare
814 3223 870 3270 eos
900 3203 1022 3284 desino,
1056 3223 1096 3269 ne
1127 3205 1198 3288 quis
1228 3225 1263 3270 se

66 3317 125 3375 aut
147 3327 278 3376 suorum
294 3311 434 3394 aliquem
450 3311 711 3395 praetermissum
735 3317 896 3393 queratur.
921 3311 1027 3376 Unum
1051 3309 1112 3375 hee
1134 3309 1261 3390 definio,

66 3423 193 3482 tantam
216 3436 289 3482 esse
305 3415 531 3482 necessitatem
553 3414 680 3480 virtutis
704 3411 816 3498 generi
838 3413 1038 3480 hominuma
1060 3421 1175 3480 nutura
1197 3421 1263 3480 tun-

65 3530 200 3605 tumque
215 3540 356 3586 amorem
379 3520 421 3585 ed
444 3539 644 3586 communem
668 3519 803 3612 salutem
826 3517 1061 3584 defendendam
1084 3518 1203 3600 datum,
1230 3525 1263 3583 ut

66 3647 108 3690 ee
129 3626 179 3692 vis
202 3623 309 3690 omnia
331 3624 552 3692 blandimenta
574 3623 749 3710 voluptatis
772 3624 893 3707 otiique
916 3623 1039 3688 vieerit.

172 3729 242 3795 Nee
264 3749 340 3796 vero
363 3727 483 3794 hebere
504 3729 654 3794 virtutem
689 3729 768 3794 satis
792 3735 841 3794 est
864 3724 955 3811 quusi
986 3735 1087 3794 artem
1109 3729 1261 3812 aliquam,

67 3833 132 3900 nisi
154 3841 254 3908 utere.
290 3833 360 3900 Etsi
383 3855 436 3900 ers
456 3833 594 3918 quidem,
631 3853 702 3898 eum
725 3854 765 3900 ee
786 3853 850 3899 non
874 3838 972 3918 utare,
996 3833 1128 3900 seientia
1156 3840 1262 3898 temen

68 3937 140 4022 ipsa
163 3937 264 4003 teneri
288 3943 402 4023 petest,
429 3937 530 4003 virtus
545 3937 578 4002 in
601 3955 661 4002 usu
685 3937 734 4002 sui
751 3942 819 4002 tota
842 3937 948 4021 posite
971 3945 1029 4017 est,
1054 3956 1131 4002 usus
1155 3943 1260 4002 autern
