2986 4334
473 212 605 261 Somnium
624 211 750 277 Scipionis
771 215 879 267 14-16.
1229 213 1266 276 4]

64 415 271 504 sempiterno
287 417 446 502 fruantur3
471 417 552 484 nihil
568 425 618 484 θεῖ
640 419 725 484 enim
748 419 793 482 illi
811 415 948 504 principi
971 419 1042 504 deo,
1066 419 1121 502 qui
1146 439 1271 484 omnem

65 521 231 588 mundum
255 522 350 606 regit,
374 520 460 604 quod
483 522 613 605 quidem
630 521 661 588 in
685 521 780 588 terris
803 521 870 602 liat,
892 521 1058 608 acceptius
1082 544 1177 606 quam
1200 541 1271 588 oon-

65 627 148 691 eilla
172 631 349 709 coetusque
364 625 527 691 hominum
549 627 618 692 iure
634 625 757 704 sociati,
782 645 864 708 quae
881 625 1028 692 civitates
1051 626 1268 712 appellantur;

65 729 187 795 harum
211 736 353 796 rectores
387 736 419 796 et
442 736 686 796 conservatores
718 729 791 795 hinc
813 729 950 815 profecti
974 730 1036 796 huo
1058 737 1269 796 revertuntur.

179 851 243 916 Hic
266 871 337 934 ego,
361 847 423 916 etsi
439 871 526 916 erum
549 851 735 936 perterritus
759 871 824 916 non
847 859 913 917 tam
936 851 1049 917 mortis
1063 857 1151 918 metu
1174 855 1325 936 quam14

65 956 266 1022 insidiarum
300 975 320 1020 a
350 955 440 1036 meis,
477 956 621 1040 quaesivi
653 963 772 1036 tamen,
806 955 972 1023 viveretne
996 957 1066 1042 ipse
1100 965 1131 1022 et
1154 957 1274 1023 Paulus

66 1067 168 1145 pater
184 1067 218 1125 et
232 1059 298 1142 alii,
317 1078 399 1144 qnos
415 1079 473 1126 nos
490 1060 652 1127 extinctos
667 1058 904 1128 arbitraremur.
938 1061 1042 1126 Immo
1057 1081 1143 1140 vero,
1159 1061 1271 1144 inquit,

68 1167 104 1229 hi
129 1165 259 1248 vivunt,
295 1165 350 1247 qui
373 1186 391 1232 e
415 1183 585 1250 corporum
614 1165 750 1230 vinculis
773 1171 939 1248 tamquam
969 1184 1139 1230 ecarcere
1171 1167 1274 1231 evola-

67 1276 202 1349 verunt,
227 1275 338 1336 vestra
352 1289 438 1351 vero,
464 1289 545 1352 quae
561 1269 689 1352 dicitur,
714 1269 783 1335 vita
796 1287 882 1336 mors
904 1277 963 1336 est.
997 1267 1081 1345 Quin
1104 1275 1139 1334 tu
1154 1269 1274 1355 aspicis

69 1375 115 1439 ad
140 1381 174 1439 te
198 1373 382 1439 venientem
405 1374 540 1439 Paulum
563 1375 713 1458 patrem?
744 1373 847 1451 Quem
869 1379 905 1438 ut
928 1373 1005 1458 vidi,
1040 1374 1189 1455 equidem
1211 1373 1275 1439 vim

69 1479 282 1544 lacrimarum
305 1477 444 1562 profudi,
480 1478 535 1542 ille
558 1485 666 1544 autem
699 1499 749 1544 me
782 1478 971 1563 complexus
1000 1484 1097 1560 atque
1128 1477 1275 1543 osculans

70 1584 154 1650 flere
178 1583 379 1668 prohibebat.

182 1706 290 1787 Atque
321 1725 383 1788 ego
415 1711 449 1768 nt
479 1704 615 1789 primum
646 1702 724 1786 fletu
750 1687 901 1788 represso
931 1703 1018 1786 loqui
1049 1723 1144 1790 posse
1175 1703 1274 1788 coepi,
1296 1711 1328 1762 15

72 1813 221 1890 Quaene,
243 1809 384 1892 inquam,
408 1813 501 1894 pater
523 1808 726 1875 sanctissime
750 1815 846 1891 atque
869 1808 997 1893 optime,
1022 1807 1171 1890 quoniam
1194 1805 1275 1874 haee

52 1923 124 1980 ’θεῖ
148 1915 229 1995 vita,
253 1917 289 1979 ut
304 1913 492 1978 Africanum
516 1912 613 1978 audio
629 1912 747 1993 dicere,
773 1911 851 1995 quid
874 1932 978 1978 moror
1000 1913 1033 1977 in
1055 1912 1175 1977 terris?
1200 1912 1276 1996 quin

72 2021 140 2085 huc
165 2019 208 2084 ad
231 2038 290 2083 vos
312 2017 423 2083 venire
439 2018 603 2102 propero?
626 2017 701 2082 Non
716 2024 765 2082 θεῖ
789 2017 843 2098 ἰῖε,
868 2016 971 2099 inquit
992 2013 1058 2082 ille.
1093 2017 1167 2082 Nisi
1190 2017 1275 2082 enim

73 2125 159 2190 deus
183 2123 223 2201 is,
259 2123 351 2188 ouius
373 2123 434 2188 hoe
456 2123 610 2208 templum
634 2128 684 2188 θεῖ
706 2141 808 2204 omne,
840 2121 924 2205 quod
948 2122 1116 2205 cenapium,
1152 2121 1222 2186 istis
1244 2129 1275 2186 ῖθ

76 2229 225 2314 corporis
248 2227 404 2293 custodiis
421 2226 615 2306 liberaverit,
640 2227 703 2292 hnc
726 2223 785 2291 tibi
808 2225 915 2292 aditus
939 2233 1049 2311 patere
1073 2246 1136 2290 non
1158 2233 1274 2312 potest.

76 2331 243 2398 Homines¹
273 2331 359 2397 enim
393 2339 467 2398 sunt
501 2331 563 2396 bac
596 2332 671 2415 lege
704 2331 859 2415 generati,
899 2330 953 2413 qui
988 2337 1154 2395 tuerentur
1187 2329 1275 2394 illum

76 2439 224 2522 globum,
249 2456 344 2519 quem
367 2437 400 2501 in
422 2436 483 2502 hoc
506 2435 627 2520 templo
650 2435 790 2500 medium
811 2432 914 2514 vides,
939 2453 1020 2516 quae
1043 2440 1129 2498 terra
1151 2435 1275 2515 dieitur,

74 2543 185 2626 iisque
208 2541 334 2606 animus
350 2541 446 2607 datus
470 2547 519 2606 est
534 2561 575 2606 ex
597 2539 662 2605 illis
678 2539 880 2624 sempiternis
904 2539 1047 2622 ignibus,
1071 2559 1154 2622 quae
1169 2539 1278 2606 sidera

77 2655 111 2711 et
137 2645 250 2711 stellas
273 2645 406 2726 vocatis,
432 2665 515 2727 quae
539 2644 694 2727 globosae
718 2651 749 2710 et
773 2643 939 2724 rotundae,
975 2643 1093 2710 divinis
1116 2645 1277 2710 animatae

76 2749 256 2830 mentibus,
292 2749 430 2814 circulos
454 2769 530 2815 snos
554 2750 711 2831 orbesque
735 2747 908 2814 conficiunt
942 2749 1105 2814 celeritate
1129 2747 1276 2814 mirabili.

78 2857 190 2934 Quare
215 2861 246 2920 et
268 2853 336 2935 tibi,
368 2853 471 2935 Publi,
504 2861 536 2919 et
558 2854 620 2939 piis
644 2854 790 2918 omnibus
813 2851 999 2917 retinendus
1022 2853 1149 2920 animus
1172 2859 1222 2918 est
1244 2851 1276 2916 in

79 2959 232 3024 custodia
255 2959 397 3044 corporis
420 2979 480 3023 nec
511 2959 631 3024 iniussu
656 2959 734 3038 eius,
770 2979 790 3022 a
812 2977 874 3040 quo
898 2957 952 3021 ille
983 2966 1033 3022 est
1056 2957 1147 3022 vobis
1171 2958 1274 3037 datus,

79 3085 124 3128 ex
139 3062 305 3128 hominum
321 3063 388 3128 vita
405 3063 606 3146 migrandum
623 3070 680 3143 est,
696 3083 737 3127 ne
754 3079 869 3126 munus
885 3061 1059 3126 humanum
1074 3062 1277 3144 adsignatum

80 3191 101 3233 a
126 3167 188 3232 deo
211 3167 376 3251 defugisse
398 3167 582 3232 videamini.
630 3166 695 3232 Sed
718 3166 775 3246 sic,
802 3161 919 3252 Scipio,
956 3173 992 3230 ut
1014 3185 1095 3231 avus
1117 3161 1170 3229 hic
1192 3171 1276 3246 tuus,
1299 3179 1329 3228 re

81 3278 121 3336 ut
145 3291 217 3354 ego,
253 3271 307 3353 qui
331 3279 362 3336 te
394 3271 502 3355 genui,
538 3270 692 3335 iustitiam
728 3271 797 3334 cole
831 3277 863 3333 et
897 3269 1059 3354 pietatem,
1095 3288 1177 3351 quae
1209 3290 1279 3334 oum

82 3395 207 3458 magna
230 3374 262 3439 in
286 3375 473 3460 parentibus
497 3382 529 3439 et
551 3374 747 3460 propinquis
778 3377 845 3436 tum
869 3373 902 3436 in
925 3373 1029 3458 patria
1050 3372 1191 3438 maxima
1213 3380 1277 3458 est,

85 3502 127 3546 ea
149 3479 219 3544 vita
248 3479 301 3544 via
324 3488 372 3545 θεῖ
402 3480 435 3543 in
459 3479 583 3544 caelum
606 3484 639 3544 et
664 3478 698 3542 in
721 3477 806 3542 buno
837 3483 961 3542 coetum
985 3497 1102 3557 eorum,
1138 3477 1192 3561 qui
1215 3477 1279 3542 iam

84 3582 235 3650 vixerunt
258 3590 290 3648 et
313 3603 444 3668 corpore
479 3583 579 3648 laxati
611 3582 700 3647 illum
729 3581 873 3646 incolunt
903 3581 1017 3661 locum,
1053 3601 1148 3664 quem
1178 3582 1278 3663 vidae,

85 3686 171 3774 (erat
203 3695 311 3753 autem
348 3691 376 3752 is
411 3687 672 3773 splendidissimo
710 3685 847 3751 candore
880 3685 964 3750 inter
997 3684 1142 3751 flammas
1176 3685 1279 3752 circus

87 3789 232 3886 elucens)
247 3811 349 3874 quem
373 3811 441 3874 vos,
465 3797 542 3855 uta
566 3788 671 3856 Graiis
694 3788 875 3876 accepistis,
910 3789 1019 3856 orbern
1042 3790 1181 3856 lacteum
1205 3811 1279 3855 nun·

88 3895 224 3981 cupatis.
