<?xml version="1.0" encoding="UTF-8"?>
<!DOCTYPE html PUBLIC "-//W3C//DTD XHTML 1.0 Transitional//EN"
    "http://www.w3.org/TR/xhtml1/DTD/xhtml1-transitional.dtd">
<html xmlns="http://www.w3.org/1999/xhtml" xml:lang="en" lang="en">
 <head>
  <title>
</title>
<meta http-equiv="Content-Type" content="text/html;charset=utf-8" />
  <meta name='ocr-system' content='tesseract 3.04.00' />
  <meta name='ocr-capabilities' content='ocr_page ocr_carea ocr_par ocr_line ocrx_word'/>
</head>
<body>
  <div class='ocr_page' id='page_1' title='image "auscicerosphilo00cicegoog_0068.png"; bbox 0 0 2986 4334; ppageno 0'>
   <div class='ocr_carea' id='block_1_1' title="bbox 625 189 901 253">
    <p class='ocr_par' dir='ltr' id='par_1_1' title="bbox 625 189 901 253">
     <span class='ocr_line' id='line_1_1' title="bbox 625 189 901 253; baseline -0.011 -15"><span class='ocrx_word' id='word_1_1' title='bbox 625 189 726 253; x_wconf 86' lang='lat' dir='ltr'>Disput.</span> <span class='ocrx_word' id='word_1_2' title='bbox 745 189 901 236; x_wconf 80' lang='lat' dir='ltr'>Tuscnlanse</span> 
     </span>
    </p>
   </div>
   <div class='ocr_carea' id='block_1_2' title="bbox 754 394 778 456">
    <p class='ocr_par' dir='ltr' id='par_1_2' title="bbox 754 394 778 456">
     <span class='ocr_line' id='line_1_2' title="bbox 754 394 778 456; baseline 0 0"><span class='ocrx_word' id='word_1_3' title='bbox 754 394 778 456; x_wconf 94' lang='grc' dir='ltr'>Ι.</span> 
     </span>
    </p>
   </div>
   <div class='ocr_carea' id='block_1_3' title="bbox 117 529 1487 3966">
    <p class='ocr_par' dir='ltr' id='par_1_3' title="bbox 138 529 1391 1664">
     <span class='ocr_line' id='line_1_3' title="bbox 138 529 1363 615; baseline -0.002 -19"><span class='ocrx_word' id='word_1_4' title='bbox 138 549 149 596; x_wconf 91' lang='grc'>1</span> <span class='ocrx_word' id='word_1_5' title='bbox 274 539 353 602; x_wconf 81' lang='lat' dir='ltr'>(lum</span> <span class='ocrx_word' id='word_1_6' title='bbox 377 535 598 600; x_wconf 78' lang='lat' dir='ltr'>defensionum</span> <span class='ocrx_word' id='word_1_7' title='bbox 632 533 796 598; x_wconf 85' lang='lat' dir='ltr'>laboribus</span> <span class='ocrx_word' id='word_1_8' title='bbox 821 533 1053 615; x_wconf 81' lang='lat' dir='ltr'>senatoriisque</span> <span class='ocrx_word' id='word_1_9' title='bbox 1088 529 1273 598; x_wconf 91' lang='lat' dir='ltr'>muneribus</span> <span class='ocrx_word' id='word_1_10' title='bbox 1308 537 1363 594; x_wconf 89' lang='lat' dir='ltr'>aut</span> 
     </span>
     <span class='ocr_line' id='line_1_4' title="bbox 172 633 1362 723; baseline -0.011 -14"><span class='ocrx_word' id='word_1_11' title='bbox 172 643 300 709; x_wconf 90' lang='lat' dir='ltr'>omnino</span> <span class='ocrx_word' id='word_1_12' title='bbox 323 648 379 705; x_wconf 92' lang='lat' dir='ltr'>aut</span> <span class='ocrx_word' id='word_1_13' title='bbox 403 660 522 723; x_wconf 89' lang='lat' dir='ltr'>magna</span> <span class='ocrx_word' id='word_1_14' title='bbox 545 659 585 703; x_wconf 84' lang='grc'>11</span> <span class='ocrx_word' id='word_1_15' title='bbox 608 645 700 722; x_wconf 91' lang='lat' dir='ltr'>parte</span> <span class='ocrx_word' id='word_1_16' title='bbox 725 657 829 702; x_wconf 87' lang='lat' dir='ltr'>essem</span> <span class='ocrx_word' id='word_1_17' title='bbox 863 635 1037 720; x_wconf 90' lang='lat' dir='ltr'>aliquando</span> <span class='ocrx_word' id='word_1_18' title='bbox 1067 635 1230 712; x_wconf 88' lang='lat' dir='ltr'>liberatus,</span> <span class='ocrx_word' id='word_1_19' title='bbox 1254 633 1362 698; x_wconf 91' lang='lat' dir='ltr'>rettuli</span> 
     </span>
     <span class='ocr_line' id='line_1_5' title="bbox 171 739 1364 826; baseline -0.009 -14"><span class='ocrx_word' id='word_1_20' title='bbox 171 769 230 826; x_wconf 87' lang='lat' dir='ltr'>me,</span> <span class='ocrx_word' id='word_1_21' title='bbox 256 748 364 824; x_wconf 89' lang='lat' dir='ltr'>Brute,</span> <span class='ocrx_word' id='word_1_22' title='bbox 388 751 421 809; x_wconf 89' lang='lat' dir='ltr'>te</span> <span class='ocrx_word' id='word_1_23' title='bbox 443 743 590 808; x_wconf 84' lang='lat' dir='ltr'><strong>hortante</strong></span> <span class='ocrx_word' id='word_1_24' title='bbox 614 742 753 808; x_wconf 83' lang='lat' dir='ltr'>maxime</span> <span class='ocrx_word' id='word_1_25' title='bbox 776 740 819 806; x_wconf 89' lang='lat' dir='ltr'>ad</span> <span class='ocrx_word' id='word_1_26' title='bbox 842 761 882 806; x_wconf 90' lang='lat' dir='ltr'>ea</span> <span class='ocrx_word' id='word_1_27' title='bbox 905 741 1019 819; x_wconf 90' lang='lat' dir='ltr'>studia,</span> <span class='ocrx_word' id='word_1_28' title='bbox 1045 760 1127 822; x_wconf 88' lang='lat' dir='ltr'>quac</span> <span class='ocrx_word' id='word_1_29' title='bbox 1150 743 1276 804; x_wconf 89' lang='lat' dir='ltr'>retenta</span> <span class='ocrx_word' id='word_1_30' title='bbox 1297 739 1364 802; x_wconf 90' lang='lat' dir='ltr'>ani-</span> 
     </span>
     <span class='ocr_line' id='line_1_6' title="bbox 171 843 1362 932; baseline -0.008 -18"><span class='ocrx_word' id='word_1_31' title='bbox 171 871 231 932; x_wconf 80' lang='lat' dir='ltr'>mo,</span> <span class='ocrx_word' id='word_1_32' title='bbox 256 849 391 914; x_wconf 90' lang='lat' dir='ltr'>remissa</span> <span class='ocrx_word' id='word_1_33' title='bbox 414 847 619 932; x_wconf 77' lang='lat' dir='ltr'>temporibus,</span> <span class='ocrx_word' id='word_1_34' title='bbox 653 847 749 930; x_wconf 91' lang='lat' dir='ltr'>longo</span> <span class='ocrx_word' id='word_1_35' title='bbox 783 845 950 910; x_wconf 90' lang='lat' dir='ltr'>intervallo</span> <span class='ocrx_word' id='word_1_36' title='bbox 985 844 1168 910; x_wconf 89' lang='lat' dir='ltr'>intermissa</span> <span class='ocrx_word' id='word_1_37' title='bbox 1200 843 1362 920; x_wconf 84' lang='lat' dir='ltr'>revocavi,</span> 
     </span>
     <span class='ocr_line' id='line_1_7' title="bbox 173 949 1363 1034; baseline -0.006 -15"><span class='ocrx_word' id='word_1_38' title='bbox 173 961 204 1020; x_wconf 91' lang='lat' dir='ltr'>et</span> <span class='ocrx_word' id='word_1_39' title='bbox 227 974 299 1018; x_wconf 93' lang='lat' dir='ltr'>cum</span> <span class='ocrx_word' id='word_1_40' title='bbox 312 951 451 1017; x_wconf 91' lang='lat' dir='ltr'>omnium</span> <span class='ocrx_word' id='word_1_41' title='bbox 475 951 600 1029; x_wconf 89' lang='lat' dir='ltr'>artium,</span> <span class='ocrx_word' id='word_1_42' title='bbox 614 971 696 1034; x_wconf 91' lang='lat' dir='ltr'>quae</span> <span class='ocrx_word' id='word_1_43' title='bbox 720 950 760 1014; x_wconf 91' lang='lat' dir='ltr'>ad</span> <span class='ocrx_word' id='word_1_44' title='bbox 776 957 895 1016; x_wconf 90' lang='lat' dir='ltr'>rectam</span> <span class='ocrx_word' id='word_1_45' title='bbox 911 949 1040 1015; x_wconf 90' lang='lat' dir='ltr'>vivendi</span> <span class='ocrx_word' id='word_1_46' title='bbox 1055 951 1141 1015; x_wconf 90' lang='lat' dir='ltr'>viam</span> <span class='ocrx_word' id='word_1_47' title='bbox 1157 949 1363 1034; x_wconf 68' lang='lat' dir='ltr'>pertinerent,</span> 
     </span>
     <span class='ocr_line' id='line_1_8' title="bbox 172 1053 1362 1141; baseline -0.006 -17"><span class='ocrx_word' id='word_1_48' title='bbox 172 1061 253 1124; x_wconf 88' lang='lat' dir='ltr'>ratio</span> <span class='ocrx_word' id='word_1_49' title='bbox 277 1065 309 1124; x_wconf 92' lang='lat' dir='ltr'>et</span> <span class='ocrx_word' id='word_1_50' title='bbox 332 1055 503 1141; x_wconf 86' lang='lat' dir='ltr'>disciplina</span> <span class='ocrx_word' id='word_1_51' title='bbox 535 1055 640 1120; x_wconf 92' lang='lat' dir='ltr'>studio</span> <span class='ocrx_word' id='word_1_52' title='bbox 671 1055 857 1140; x_wconf 90' lang='lat' dir='ltr'>sapientiae,</span> <span class='ocrx_word' id='word_1_53' title='bbox 883 1075 965 1138; x_wconf 89' lang='lat' dir='ltr'>quae</span> <span class='ocrx_word' id='word_1_54' title='bbox 999 1054 1205 1140; x_wconf 91' lang='lat' dir='ltr'>philosophia</span> <span class='ocrx_word' id='word_1_55' title='bbox 1237 1053 1362 1134; x_wconf 89' lang='lat' dir='ltr'>dicitur,</span> 
     </span>
     <span class='ocr_line' id='line_1_9' title="bbox 173 1158 1364 1243; baseline -0.006 -15"><span class='ocrx_word' id='word_1_56' title='bbox 173 1164 394 1242; x_wconf 77' lang='lat' dir='ltr'>contineretur,</span> <span class='ocrx_word' id='word_1_57' title='bbox 418 1160 479 1225; x_wconf 91' lang='lat' dir='ltr'>hoc</span> <span class='ocrx_word' id='word_1_58' title='bbox 502 1159 579 1224; x_wconf 90' lang='lat' dir='ltr'>mihi</span> <span class='ocrx_word' id='word_1_59' title='bbox 603 1160 731 1224; x_wconf 89' lang='lat' dir='ltr'>Latinis·</span> <span class='ocrx_word' id='word_1_60' title='bbox 746 1160 861 1225; x_wconf 87' lang='lat' dir='ltr'>litteris</span> <span class='ocrx_word' id='word_1_61' title='bbox 884 1158 1115 1226; x_wconf 91' lang='lat' dir='ltr'>inlustrandum</span> <span class='ocrx_word' id='word_1_62' title='bbox 1143 1158 1263 1243; x_wconf 84' lang='lat' dir='ltr'>putavi,</span> <span class='ocrx_word' id='word_1_63' title='bbox 1300 1177 1364 1222; x_wconf 91' lang='lat' dir='ltr'>non</span> 
     </span>
     <span class='ocr_line' id='line_1_10' title="bbox 173 1261 1363 1352; baseline -0.007 -20"><span class='ocrx_word' id='word_1_64' title='bbox 173 1268 247 1350; x_wconf 88' lang='lat' dir='ltr'>quia</span> <span class='ocrx_word' id='word_1_65' title='bbox 280 1266 485 1352; x_wconf 89' lang='lat' dir='ltr'>philosophia</span> <span class='ocrx_word' id='word_1_66' title='bbox 519 1265 650 1331; x_wconf 77' lang='lat' dir='ltr'>Graecis</span> <span class='ocrx_word' id='word_1_67' title='bbox 684 1273 716 1330; x_wconf 91' lang='lat' dir='ltr'>et</span> <span class='ocrx_word' id='word_1_68' title='bbox 745 1265 860 1329; x_wconf 89' lang='lat' dir='ltr'>litteris</span> <span class='ocrx_word' id='word_1_69' title='bbox 883 1272 915 1328; x_wconf 87' lang='lat' dir='ltr'>et</span> <span class='ocrx_word' id='word_1_70' title='bbox 944 1263 1126 1328; x_wconf 89' lang='lat' dir='ltr'>doctoribus</span> <span class='ocrx_word' id='word_1_71' title='bbox 1157 1261 1278 1347; x_wconf 90' lang='lat' dir='ltr'>percipi</span> <span class='ocrx_word' id='word_1_72' title='bbox 1301 1281 1363 1325; x_wconf 93' lang='lat' dir='ltr'>non</span> 
     </span>
     <span class='ocr_line' id='line_1_11' title="bbox 173 1365 1363 1458; baseline -0.008 -21"><span class='ocrx_word' id='word_1_73' title='bbox 173 1380 290 1458; x_wconf 90' lang='lat' dir='ltr'>posset,</span> <span class='ocrx_word' id='word_1_74' title='bbox 315 1369 373 1436; x_wconf 92' lang='lat' dir='ltr'>sed</span> <span class='ocrx_word' id='word_1_75' title='bbox 397 1391 502 1435; x_wconf 89' lang='lat' dir='ltr'>meum</span> <span class='ocrx_word' id='word_1_76' title='bbox 527 1389 653 1454; x_wconf 85' lang='lat' dir='ltr'>semper</span> <span class='ocrx_word' id='word_1_77' title='bbox 676 1369 829 1432; x_wconf 87' lang='lat' dir='ltr'>iudicium</span> <span class='ocrx_word' id='word_1_78' title='bbox 863 1367 923 1432; x_wconf 87' lang='lat' dir='ltr'>fuit</span> <span class='ocrx_word' id='word_1_79' title='bbox 957 1369 1063 1432; x_wconf 93' lang='lat' dir='ltr'>omnia</span> <span class='ocrx_word' id='word_1_80' title='bbox 1087 1373 1213 1432; x_wconf 89' lang='lat' dir='ltr'>nostros</span> <span class='ocrx_word' id='word_1_81' title='bbox 1243 1373 1299 1430; x_wconf 90' lang='lat' dir='ltr'>aut</span> <span class='ocrx_word' id='word_1_82' title='bbox 1320 1365 1363 1429; x_wconf 94' lang='lat' dir='ltr'>in-</span> 
     </span>
     <span class='ocr_line' id='line_1_12' title="bbox 173 1469 1366 1560; baseline -0.003 -21"><span class='ocrx_word' id='word_1_83' title='bbox 173 1476 302 1542; x_wconf 86' lang='lat' dir='ltr'>venisse</span> <span class='ocrx_word' id='word_1_84' title='bbox 324 1497 382 1560; x_wconf 91' lang='lat' dir='ltr'>per</span> <span class='ocrx_word' id='word_1_85' title='bbox 405 1495 439 1539; x_wconf 91' lang='lat' dir='ltr'>se</span> <span class='ocrx_word' id='word_1_86' title='bbox 464 1475 641 1560; x_wconf 89' lang='lat' dir='ltr'>sapientius</span> <span class='ocrx_word' id='word_1_87' title='bbox 664 1495 761 1557; x_wconf 89' lang='lat' dir='ltr'>quam</span> <span class='ocrx_word' id='word_1_88' title='bbox 785 1473 925 1540; x_wconf 84' lang='lat' dir='ltr'>Graecos</span> <span class='ocrx_word' id='word_1_89' title='bbox 948 1478 1003 1537; x_wconf 88' lang='lat' dir='ltr'>aut</span> <span class='ocrx_word' id='word_1_90' title='bbox 1026 1478 1160 1558; x_wconf 89' lang='lat' dir='ltr'>accepta</span> <span class='ocrx_word' id='word_1_91' title='bbox 1171 1471 1212 1535; x_wconf 92' lang='lat' dir='ltr'>ab</span> <span class='ocrx_word' id='word_1_92' title='bbox 1234 1471 1299 1536; x_wconf 94' lang='lat' dir='ltr'>illis</span> <span class='ocrx_word' id='word_1_93' title='bbox 1322 1469 1366 1535; x_wconf 92' lang='lat' dir='ltr'>fe-</span> 
     </span>
     <span class='ocr_line' id='line_1_13' title="bbox 175 1575 1391 1664; baseline -0.004 -20"><span class='ocrx_word' id='word_1_94' title='bbox 175 1581 257 1647; x_wconf 91' lang='lat' dir='ltr'>cisse</span> <span class='ocrx_word' id='word_1_95' title='bbox 281 1581 422 1659; x_wconf 88' lang='lat' dir='ltr'>meliora,</span> <span class='ocrx_word' id='word_1_96' title='bbox 448 1600 530 1664; x_wconf 93' lang='lat' dir='ltr'>quae</span> <span class='ocrx_word' id='word_1_97' title='bbox 554 1578 683 1661; x_wconf 93' lang='lat' dir='ltr'>quidem</span> <span class='ocrx_word' id='word_1_98' title='bbox 707 1577 806 1663; x_wconf 89' lang='lat' dir='ltr'>digna</span> <span class='ocrx_word' id='word_1_99' title='bbox 829 1577 1026 1658; x_wconf 86' lang='lat' dir='ltr'>statuissent,</span> <span class='ocrx_word' id='word_1_100' title='bbox 1058 1579 1090 1642; x_wconf 93' lang='lat' dir='ltr'>in</span> <span class='ocrx_word' id='word_1_101' title='bbox 1122 1577 1238 1660; x_wconf 90' lang='lat' dir='ltr'>quibus</span> <span class='ocrx_word' id='word_1_102' title='bbox 1262 1575 1391 1641; x_wconf 85' lang='lat' dir='ltr'>elabo.</span> 
     </span>
    </p>

    <p class='ocr_par' dir='ltr' id='par_1_4' title="bbox 140 1681 1370 2604">
     <span class='ocr_line' id='line_1_14' title="bbox 140 1681 1366 1764; baseline -0.006 -14"><span class='ocrx_word' id='word_1_103' title='bbox 140 1688 289 1750; x_wconf 81' lang='grc'>21111111.</span> <span class='ocrx_word' id='word_1_104' title='bbox 334 1684 418 1750; x_wconf 89' lang='lat' dir='ltr'>Nam</span> <span class='ocrx_word' id='word_1_105' title='bbox 441 1703 546 1750; x_wconf 90' lang='lat' dir='ltr'>mores</span> <span class='ocrx_word' id='word_1_106' title='bbox 570 1693 602 1748; x_wconf 92' lang='lat' dir='ltr'>et</span> <span class='ocrx_word' id='word_1_107' title='bbox 624 1684 770 1748; x_wconf 91' lang='lat' dir='ltr'>instituta</span> <span class='ocrx_word' id='word_1_108' title='bbox 792 1684 877 1750; x_wconf 87' lang='lat' dir='ltr'>vitae</span> <span class='ocrx_word' id='word_1_109' title='bbox 899 1703 1016 1764; x_wconf 87' lang='lat' dir='ltr'>resque</span> <span class='ocrx_word' id='word_1_110' title='bbox 1047 1682 1237 1748; x_wconf 90' lang='lat' dir='ltr'>domesticas</span> <span class='ocrx_word' id='word_1_111' title='bbox 1260 1700 1299 1746; x_wconf 91' lang='lat' dir='ltr'>ac</span> <span class='ocrx_word' id='word_1_112' title='bbox 1322 1681 1366 1744; x_wconf 89' lang='lat' dir='ltr'>fa-</span> 
     </span>
     <span class='ocr_line' id='line_1_15' title="bbox 175 1787 1367 1873; baseline -0.003 -19"><span class='ocrx_word' id='word_1_113' title='bbox 175 1789 316 1854; x_wconf 88' lang='lat' dir='ltr'>miliares</span> <span class='ocrx_word' id='word_1_114' title='bbox 336 1808 398 1856; x_wconf 89' lang='lat' dir='ltr'>nos</span> <span class='ocrx_word' id='word_1_115' title='bbox 421 1787 566 1873; x_wconf 83' lang='lat' dir='ltr'>profecto</span> <span class='ocrx_word' id='word_1_116' title='bbox 601 1795 633 1852; x_wconf 92' lang='grc'>11</span> <span class='ocrx_word' id='word_1_117' title='bbox 655 1788 769 1853; x_wconf 91' lang='lat' dir='ltr'>melius</span> <span class='ocrx_word' id='word_1_118' title='bbox 804 1796 927 1852; x_wconf 90' lang='lat' dir='ltr'>tuemur</span> <span class='ocrx_word' id='word_1_119' title='bbox 960 1795 991 1852; x_wconf 87' lang='lat' dir='ltr'>ct</span> <span class='ocrx_word' id='word_1_120' title='bbox 1024 1788 1153 1866; x_wconf 91' lang='lat' dir='ltr'>lautius,</span> <span class='ocrx_word' id='word_1_121' title='bbox 1188 1807 1255 1852; x_wconf 89' lang='lat' dir='ltr'>rem</span> <span class='ocrx_word' id='word_1_122' title='bbox 1289 1807 1367 1852; x_wconf 91' lang='lat' dir='ltr'>vero</span> 
     </span>
     <span class='ocr_line' id='line_1_16' title="bbox 176 1891 1368 1978; baseline -0.003 -20"><span class='ocrx_word' id='word_1_123' title='bbox 176 1894 338 1978; x_wconf 91' lang='lat' dir='ltr'>publicam</span> <span class='ocrx_word' id='word_1_124' title='bbox 361 1894 461 1958; x_wconf 88' lang='lat' dir='ltr'>nostri</span> <span class='ocrx_word' id='word_1_125' title='bbox 483 1893 620 1957; x_wconf 90' lang='lat' dir='ltr'>maiores</span> <span class='ocrx_word' id='word_1_126' title='bbox 652 1899 737 1956; x_wconf 89' lang='lat' dir='ltr'>certe</span> <span class='ocrx_word' id='word_1_127' title='bbox 760 1892 943 1957; x_wconf 77' lang='lat' dir='ltr'>melioribus</span> <span class='ocrx_word' id='word_1_128' title='bbox 978 1898 1234 1976; x_wconf 88' lang='lat' dir='ltr'>temperaverunt</span> <span class='ocrx_word' id='word_1_129' title='bbox 1268 1897 1301 1956; x_wconf 91' lang='lat' dir='ltr'>et</span> <span class='ocrx_word' id='word_1_130' title='bbox 1323 1891 1368 1955; x_wconf 92' lang='lat' dir='ltr'>in-</span> 
     </span>
     <span class='ocr_line' id='line_1_17' title="bbox 176 1995 1367 2080; baseline -0.003 -18"><span class='ocrx_word' id='word_1_131' title='bbox 176 1997 296 2062; x_wconf 91' lang='lat' dir='ltr'>stitutis</span> <span class='ocrx_word' id='word_1_132' title='bbox 319 2003 350 2061; x_wconf 91' lang='lat' dir='ltr'>et</span> <span class='ocrx_word' id='word_1_133' title='bbox 373 1997 510 2079; x_wconf 91' lang='lat' dir='ltr'>legibus.</span> <span class='ocrx_word' id='word_1_134' title='bbox 558 1995 643 2072; x_wconf 79' lang='lat' dir='ltr'>Quid</span> <span class='ocrx_word' id='word_1_135' title='bbox 676 1997 790 2080; x_wconf 91' lang='lat' dir='ltr'>loquar</span> <span class='ocrx_word' id='word_1_136' title='bbox 812 1997 852 2061; x_wconf 88' lang='lat' dir='ltr'>de</span> <span class='ocrx_word' id='word_1_137' title='bbox 883 2018 917 2061; x_wconf 90' lang='lat' dir='ltr'>re</span> <span class='ocrx_word' id='word_1_138' title='bbox 941 1995 1095 2061; x_wconf 80' lang='lat' dir='ltr'>militari?</span> <span class='ocrx_word' id='word_1_139' title='bbox 1129 1997 1162 2062; x_wconf 90' lang='lat' dir='ltr'>in</span> <span class='ocrx_word' id='word_1_140' title='bbox 1197 2016 1260 2080; x_wconf 91' lang='lat' dir='ltr'>qua</span> <span class='ocrx_word' id='word_1_141' title='bbox 1294 2016 1367 2060; x_wconf 93' lang='lat' dir='ltr'>cum</span> 
     </span>
     <span class='ocr_line' id='line_1_18' title="bbox 177 2099 1369 2186; baseline -0.003 -19"><span class='ocrx_word' id='word_1_142' title='bbox 177 2102 290 2168; x_wconf 89' lang='lat' dir='ltr'>virtute</span> <span class='ocrx_word' id='word_1_143' title='bbox 315 2101 414 2166; x_wconf 86' lang='lat' dir='ltr'>nostri</span> <span class='ocrx_word' id='word_1_144' title='bbox 437 2102 571 2164; x_wconf 86' lang='lat' dir='ltr'>multum</span> <span class='ocrx_word' id='word_1_145' title='bbox 594 2101 773 2181; x_wconf 84' lang='lat' dir='ltr'>valuerunt,</span> <span class='ocrx_word' id='word_1_146' title='bbox 797 2107 864 2165; x_wconf 92' lang='lat' dir='ltr'>tum</span> <span class='ocrx_word' id='word_1_147' title='bbox 887 2101 960 2186; x_wconf 92' lang='lat' dir='ltr'>plus</span> <span class='ocrx_word' id='word_1_148' title='bbox 976 2102 1071 2166; x_wconf 89' lang='lat' dir='ltr'>etiam</span> <span class='ocrx_word' id='word_1_149' title='bbox 1096 2099 1276 2186; x_wconf 81' lang='lat' dir='ltr'>disciplina.</span> <span class='ocrx_word' id='word_1_150' title='bbox 1299 2101 1369 2165; x_wconf 92' lang='lat' dir='ltr'>Iam</span> 
     </span>
     <span class='ocr_line' id='line_1_19' title="bbox 177 2205 1369 2288; baseline 0.002 -18"><span class='ocrx_word' id='word_1_151' title='bbox 177 2207 239 2287; x_wconf 92' lang='lat' dir='ltr'>illa,</span> <span class='ocrx_word' id='word_1_152' title='bbox 265 2225 347 2288; x_wconf 89' lang='lat' dir='ltr'>quac</span> <span class='ocrx_word' id='word_1_153' title='bbox 370 2213 493 2286; x_wconf 88' lang='lat' dir='ltr'>natura,</span> <span class='ocrx_word' id='word_1_154' title='bbox 518 2225 581 2269; x_wconf 93' lang='lat' dir='ltr'>non</span> <span class='ocrx_word' id='word_1_155' title='bbox 606 2205 719 2270; x_wconf 89' lang='lat' dir='ltr'>litteris</span> <span class='ocrx_word' id='word_1_156' title='bbox 743 2206 886 2272; x_wconf 89' lang='lat' dir='ltr'>adsecuti</span> <span class='ocrx_word' id='word_1_157' title='bbox 910 2213 991 2287; x_wconf 91' lang='lat' dir='ltr'>sunt,</span> <span class='ocrx_word' id='word_1_158' title='bbox 1015 2227 1119 2288; x_wconf 87' lang='lat' dir='ltr'>neque</span> <span class='ocrx_word' id='word_1_159' title='bbox 1142 2227 1214 2272; x_wconf 90' lang='lat' dir='ltr'>oum</span> <span class='ocrx_word' id='word_1_160' title='bbox 1231 2206 1369 2272; x_wconf 83' lang='lat' dir='ltr'>Graecia</span> 
     </span>
     <span class='ocr_line' id='line_1_20' title="bbox 177 2309 1369 2396; baseline 0.002 -22"><span class='ocrx_word' id='word_1_161' title='bbox 177 2330 281 2394; x_wconf 87' lang='lat' dir='ltr'>neque</span> <span class='ocrx_word' id='word_1_162' title='bbox 304 2311 369 2374; x_wconf 93' lang='lat' dir='ltr'>ulla</span> <span class='ocrx_word' id='word_1_163' title='bbox 393 2318 584 2392; x_wconf 87' lang='lat' dir='ltr'>cumgente</span> <span class='ocrx_word' id='word_1_164' title='bbox 608 2318 681 2374; x_wconf 90' lang='lat' dir='ltr'>sunt</span> <span class='ocrx_word' id='word_1_165' title='bbox 705 2309 909 2376; x_wconf 85' lang='lat' dir='ltr'>conferenda.</span> <span class='ocrx_word' id='word_1_166' title='bbox 957 2309 1046 2386; x_wconf 80' lang='lat' dir='ltr'>Quae</span> <span class='ocrx_word' id='word_1_167' title='bbox 1070 2313 1153 2375; x_wconf 91' lang='lat' dir='ltr'>enim</span> <span class='ocrx_word' id='word_1_168' title='bbox 1184 2317 1274 2376; x_wconf 91' lang='lat' dir='ltr'>tanta</span> <span class='ocrx_word' id='word_1_169' title='bbox 1296 2332 1369 2396; x_wconf 91' lang='lat' dir='ltr'>gra·</span> 
     </span>
     <span class='ocr_line' id='line_1_21' title="bbox 177 2415 1369 2507; baseline -0.001 -25"><span class='ocrx_word' id='word_1_170' title='bbox 177 2416 270 2494; x_wconf 83' lang='lat' dir='ltr'>vitas,</span> <span class='ocrx_word' id='word_1_171' title='bbox 294 2435 376 2497; x_wconf 91' lang='lat' dir='ltr'>quae</span> <span class='ocrx_word' id='word_1_172' title='bbox 406 2416 705 2507; x_wconf 26' lang='lat' dir='ltr'>tanta-constantia,</span> <span class='ocrx_word' id='word_1_173' title='bbox 741 2415 927 2496; x_wconf 87' lang='lat' dir='ltr'>magnitudo</span> <span class='ocrx_word' id='word_1_174' title='bbox 961 2416 1068 2495; x_wconf 87' lang='lat' dir='ltr'>animi,</span> <span class='ocrx_word' id='word_1_175' title='bbox 1103 2417 1253 2501; x_wconf 85' lang='lat' dir='ltr'>probitas,</span> <span class='ocrx_word' id='word_1_176' title='bbox 1278 2416 1369 2495; x_wconf 89' lang='lat' dir='ltr'>fides,</span> 
     </span>
     <span class='ocr_line' id='line_1_22' title="bbox 178 2518 1370 2604; baseline 0.003 -22"><span class='ocrx_word' id='word_1_177' title='bbox 178 2540 259 2602; x_wconf 91' lang='lat' dir='ltr'>quae</span> <span class='ocrx_word' id='word_1_178' title='bbox 283 2527 349 2583; x_wconf 89' lang='lat' dir='ltr'>tam</span> <span class='ocrx_word' id='word_1_179' title='bbox 372 2520 533 2584; x_wconf 84' lang='lat' dir='ltr'>excellens</span> <span class='ocrx_word' id='word_1_180' title='bbox 556 2521 588 2584; x_wconf 94' lang='lat' dir='ltr'>in</span> <span class='ocrx_word' id='word_1_181' title='bbox 613 2521 698 2583; x_wconf 91' lang='lat' dir='ltr'>omni</span> <span class='ocrx_word' id='word_1_182' title='bbox 723 2541 842 2604; x_wconf 83' lang='lat' dir='ltr'>genere</span> <span class='ocrx_word' id='word_1_183' title='bbox 865 2521 966 2588; x_wconf 85' lang='lat' dir='ltr'>virtus</span> <span class='ocrx_word' id='word_1_184' title='bbox 989 2518 1021 2584; x_wconf 90' lang='lat' dir='ltr'>in</span> <span class='ocrx_word' id='word_1_185' title='bbox 1056 2521 1130 2585; x_wconf 90' lang='lat' dir='ltr'>ullis</span> <span class='ocrx_word' id='word_1_186' title='bbox 1165 2521 1233 2600; x_wconf 90' lang='lat' dir='ltr'>fuit,</span> <span class='ocrx_word' id='word_1_187' title='bbox 1269 2528 1305 2585; x_wconf 91' lang='lat' dir='ltr'>ut</span> <span class='ocrx_word' id='word_1_188' title='bbox 1328 2529 1370 2585; x_wconf 78' lang='lat' dir='ltr'>snt</span> 
     </span>
    </p>

    <p class='ocr_par' dir='ltr' id='par_1_5' title="bbox 144 2624 1371 2814">
     <span class='ocr_line' id='line_1_23' title="bbox 144 2624 1371 2710; baseline 0.006 -27"><span class='ocrx_word' id='word_1_189' title='bbox 144 2633 250 2687; x_wconf 74' lang='lat' dir='ltr'>coum</span> <span class='ocrx_word' id='word_1_190' title='bbox 273 2624 448 2706; x_wconf 87' lang='lat' dir='ltr'>maioribus</span> <span class='ocrx_word' id='word_1_191' title='bbox 470 2624 588 2689; x_wconf 86' lang='lat' dir='ltr'>nostris</span> <span class='ocrx_word' id='word_1_192' title='bbox 613 2625 851 2710; x_wconf 73' lang='lat' dir='ltr'>comparanda?</span> <span class='ocrx_word' id='word_1_193' title='bbox 886 2625 1041 2692; x_wconf 81' lang='lat' dir='ltr'>Doctrina</span> <span class='ocrx_word' id='word_1_194' title='bbox 1075 2626 1211 2692; x_wconf 83' lang='lat' dir='ltr'>Graecia</span> <span class='ocrx_word' id='word_1_195' title='bbox 1244 2645 1303 2691; x_wconf 91' lang='lat' dir='ltr'>nos</span> <span class='ocrx_word' id='word_1_196' title='bbox 1338 2634 1371 2692; x_wconf 90' lang='lat' dir='ltr'>et</span> 
     </span>
     <span class='ocr_line' id='line_1_24' title="bbox 179 2727 1369 2814; baseline 0.001 -21"><span class='ocrx_word' id='word_1_197' title='bbox 179 2728 264 2793; x_wconf 88' lang='lat' dir='ltr'>omni</span> <span class='ocrx_word' id='word_1_198' title='bbox 287 2728 463 2792; x_wconf 91' lang='lat' dir='ltr'>litterarum</span> <span class='ocrx_word' id='word_1_199' title='bbox 486 2749 602 2810; x_wconf 83' lang='lat' dir='ltr'>genere</span> <span class='ocrx_word' id='word_1_200' title='bbox 625 2731 815 2814; x_wconf 73' lang='lat' dir='ltr'>superabat,</span> <span class='ocrx_word' id='word_1_201' title='bbox 851 2730 881 2793; x_wconf 91' lang='lat' dir='ltr'>in</span> <span class='ocrx_word' id='word_1_202' title='bbox 899 2727 901 2736; x_wconf 86' lang='lat'>&#39;</span> <span class='ocrx_word' id='word_1_203' title='bbox 917 2751 979 2813; x_wconf 90' lang='lat' dir='ltr'>qno</span> <span class='ocrx_word' id='word_1_204' title='bbox 1014 2735 1083 2796; x_wconf 91' lang='lat' dir='ltr'>erat</span> <span class='ocrx_word' id='word_1_205' title='bbox 1116 2730 1211 2796; x_wconf 89' lang='lat' dir='ltr'>facile</span> <span class='ocrx_word' id='word_1_206' title='bbox 1241 2731 1369 2796; x_wconf 90' lang='lat' dir='ltr'>vincere</span> 
     </span>
    </p>

    <p class='ocr_par' dir='ltr' id='par_1_6' title="bbox 117 2833 1487 3966">
     <span class='ocr_line' id='line_1_25' title="bbox 117 2833 1370 2919; baseline 0.004 -22"><span class='ocrx_word' id='word_1_207' title='bbox 117 2833 120 2838; x_wconf 82' lang='grc'>’</span> <span class='ocrx_word' id='word_1_208' title='bbox 181 2853 242 2898; x_wconf 92' lang='lat' dir='ltr'>non</span> <span class='ocrx_word' id='word_1_209' title='bbox 273 2841 498 2917; x_wconf 89' lang='lat' dir='ltr'>repugnantes.</span> <span class='ocrx_word' id='word_1_210' title='bbox 544 2834 628 2896; x_wconf 90' lang='lat' dir='ltr'>Nam</span> <span class='ocrx_word' id='word_1_211' title='bbox 664 2853 735 2897; x_wconf 92' lang='lat' dir='ltr'>cum</span> <span class='ocrx_word' id='word_1_212' title='bbox 770 2833 856 2918; x_wconf 90' lang='lat' dir='ltr'>apud</span> <span class='ocrx_word' id='word_1_213' title='bbox 888 2835 1026 2900; x_wconf 77' lang='lat' dir='ltr'>Graecos</span> <span class='ocrx_word' id='word_1_214' title='bbox 1060 2835 1317 2919; x_wconf 87' lang='lat' dir='ltr'>antiquissimum</span> <span class='ocrx_word' id='word_1_215' title='bbox 1352 2857 1370 2902; x_wconf 91' lang='grc'>1</span> 
     </span>
     <span class='ocr_line' id='line_1_26' title="bbox 178 2936 1370 3022; baseline 0.004 -22"><span class='ocrx_word' id='word_1_216' title='bbox 178 2936 281 3002; x_wconf 91' lang='lat' dir='ltr'>doctis</span> <span class='ocrx_word' id='word_1_217' title='bbox 304 2955 408 3020; x_wconf 91' lang='lat' dir='ltr'>genus</span> <span class='ocrx_word' id='word_1_218' title='bbox 433 2937 473 3001; x_wconf 93' lang='lat' dir='ltr'>sit</span> <span class='ocrx_word' id='word_1_219' title='bbox 495 2946 668 3022; x_wconf 80' lang='lat' dir='ltr'>poetarum,</span> <span class='ocrx_word' id='word_1_220' title='bbox 693 2937 852 3020; x_wconf 87' lang='lat' dir='ltr'>siquidem</span> <span class='ocrx_word' id='word_1_221' title='bbox 875 2939 1034 3004; x_wconf 91' lang='lat' dir='ltr'>Homerus</span> <span class='ocrx_word' id='word_1_222' title='bbox 1056 2940 1170 3005; x_wconf 86' lang='lat' dir='ltr'>fuite</span> <span class='ocrx_word' id='word_1_223' title='bbox 1171 2939 1370 3006; x_wconf 86' lang='lat' dir='ltr'>tHesiodus</span> 
     </span>
     <span class='ocr_line' id='line_1_27' title="bbox 179 3041 1372 3129; baseline 0.006 -25"><span class='ocrx_word' id='word_1_224' title='bbox 179 3047 252 3106; x_wconf 91' lang='lat' dir='ltr'>ante</span> <span class='ocrx_word' id='word_1_225' title='bbox 221 3041 404 3106; x_wconf 92' lang='lat' dir='ltr'>tRomam</span> <span class='ocrx_word' id='word_1_226' title='bbox 428 3041 535 3105; x_wconf 86' lang='lat' dir='ltr'>condit</span> <span class='ocrx_word' id='word_1_227' title='bbox 523 3049 597 3123; x_wconf 93' lang='lat' dir='ltr'>tam,</span> <span class='ocrx_word' id='word_1_228' title='bbox 616 3042 827 3107; x_wconf 86' lang='lat' dir='ltr'>Archilochus</span> <span class='ocrx_word' id='word_1_229' title='bbox 851 3045 1165 3126; x_wconf 90' lang='lat' dir='ltr'>1·tegnantRomulo,e</span> <span class='ocrx_word' id='word_1_230' title='bbox 1190 3047 1294 3110; x_wconf 84' lang='lat' dir='ltr'>serius</span> <span class='ocrx_word' id='word_1_231' title='bbox 1317 3067 1372 3129; x_wconf 91' lang='lat' dir='ltr'>po-</span> 
     </span>
     <span class='ocr_line' id='line_1_28' title="bbox 176 3141 1487 3232; baseline 0.008 -24.038"><span class='ocrx_word' id='word_1_232' title='bbox 176 3141 904 3229; x_wconf 67' lang='grc'><strong>1111111011111111111.1111111111</strong></span> <span class='ocrx_word' id='word_1_233' title='bbox 936 3157 1009 3232; x_wconf 92' lang='lat' dir='ltr'>post</span> <span class='ocrx_word' id='word_1_234' title='bbox 997 3150 1176 3215; x_wconf 88' lang='lat' dir='ltr'>tRomam</span> <span class='ocrx_word' id='word_1_235' title='bbox 1211 3150 1371 3216; x_wconf 89' lang='lat' dir='ltr'>conditam</span> <span class='ocrx_word' id='word_1_236' title='bbox 1411 3187 1414 3191; x_wconf 95' lang='lat'>·</span> <span class='ocrx_word' id='word_1_237' title='bbox 1486 3175 1487 3188; x_wconf 59' lang='lat'>¹</span> 
     </span>
     <span class='ocr_line' id='line_1_29' title="bbox 179 3247 1371 3332; baseline 0.006 -20"><span class='ocrx_word' id='word_1_238' title='bbox 179 3247 289 3313; x_wconf 87' lang='lat' dir='ltr'>Livius</span> <span class='ocrx_word' id='word_1_239' title='bbox 312 3247 453 3312; x_wconf 88' lang='lat' dir='ltr'>fabulam</span> <span class='ocrx_word' id='word_1_240' title='bbox 477 3248 565 3312; x_wconf 89' lang='lat' dir='ltr'>dedit</span> <span class='ocrx_word' id='word_1_241' title='bbox 590 3249 624 3313; x_wconf 93' lang='grc'>(1.</span> <span class='ocrx_word' id='word_1_242' title='bbox 651 3249 794 3331; x_wconf 76' lang='lat' dir='ltr'>Claudio,</span> <span class='ocrx_word' id='word_1_243' title='bbox 821 3251 914 3316; x_wconf 81' lang='lat' dir='ltr'>Caeci</span> <span class='ocrx_word' id='word_1_244' title='bbox 939 3252 1013 3332; x_wconf 84' lang='lat' dir='ltr'>iilio,</span> <span class='ocrx_word' id='word_1_245' title='bbox 1040 3253 1081 3316; x_wconf 91' lang='lat' dir='ltr'>M.</span> <span class='ocrx_word' id='word_1_246' title='bbox 1106 3254 1265 3318; x_wconf 85' lang='lat' dir='ltr'>Tuditano</span> <span class='ocrx_word' id='word_1_247' title='bbox 1300 3275 1371 3319; x_wconf 90' lang='lat' dir='ltr'>con-</span> 
     </span>
     <span class='ocr_line' id='line_1_30' title="bbox 181 3352 1371 3434; baseline 0.006 -18"><span class='ocrx_word' id='word_1_248' title='bbox 181 3352 304 3416; x_wconf 89' lang='lat' dir='ltr'>sulibus</span> <span class='ocrx_word' id='word_1_249' title='bbox 349 3374 432 3417; x_wconf 93' lang='lat' dir='ltr'>anno</span> <span class='ocrx_word' id='word_1_250' title='bbox 477 3359 551 3417; x_wconf 91' lang='lat' dir='ltr'>ante</span> <span class='ocrx_word' id='word_1_251' title='bbox 596 3363 707 3418; x_wconf 91' lang='lat' dir='ltr'>natum</span> <span class='ocrx_word' id='word_1_252' title='bbox 744 3355 890 3434; x_wconf 83' lang='lat' dir='ltr'>Ennium.</span> <span class='ocrx_word' id='word_1_253' title='bbox 958 3355 1020 3432; x_wconf 79' lang='lat' dir='ltr'>Qui</span> <span class='ocrx_word' id='word_1_254' title='bbox 1062 3357 1123 3420; x_wconf 87' lang='lat' dir='ltr'>fuit</span> <span class='ocrx_word' id='word_1_255' title='bbox 1163 3358 1262 3422; x_wconf 90' lang='lat' dir='ltr'>maior</span> <span class='ocrx_word' id='word_1_256' title='bbox 1295 3367 1371 3424; x_wconf 91' lang='lat' dir='ltr'>natu</span> 
     </span>
     <span class='ocr_line' id='line_1_31' title="bbox 181 3456 1372 3548; baseline 0.009 -30"><span class='ocrx_word' id='word_1_257' title='bbox 181 3475 276 3538; x_wconf 91' lang='lat' dir='ltr'>qnam</span> <span class='ocrx_word' id='word_1_258' title='bbox 301 3456 433 3522; x_wconf 90' lang='lat' dir='ltr'>Plautus</span> <span class='ocrx_word' id='word_1_259' title='bbox 457 3464 488 3522; x_wconf 91' lang='lat' dir='ltr'>et</span> <span class='ocrx_word' id='word_1_260' title='bbox 511 3457 664 3522; x_wconf 87' lang='lat' dir='ltr'>Naevius.</span> <span class='ocrx_word' id='word_1_261' title='bbox 713 3460 791 3524; x_wconf 83' lang='lat' dir='ltr'>Sero</span> <span class='ocrx_word' id='word_1_262' title='bbox 816 3459 915 3541; x_wconf 89' lang='lat' dir='ltr'>igitur</span> <span class='ocrx_word' id='word_1_263' title='bbox 936 3481 955 3524; x_wconf 89' lang='lat' dir='ltr'>a</span> <span class='ocrx_word' id='word_1_264' title='bbox 977 3461 1094 3526; x_wconf 90' lang='lat' dir='ltr'>nostris</span> <span class='ocrx_word' id='word_1_265' title='bbox 1118 3468 1231 3548; x_wconf 79' lang='lat' dir='ltr'>poetae</span> <span class='ocrx_word' id='word_1_266' title='bbox 1246 3465 1298 3528; x_wconf 83' lang='lat' dir='ltr'>vel</span> <span class='ocrx_word' id='word_1_267' title='bbox 1321 3483 1372 3528; x_wconf 90' lang='lat' dir='ltr'>co-</span> 
     </span>
     <span class='ocr_line' id='line_1_32' title="bbox 182 3559 1372 3646; baseline 0.008 -24"><span class='ocrx_word' id='word_1_268' title='bbox 182 3559 263 3642; x_wconf 91' lang='lat' dir='ltr'>gniti</span> <span class='ocrx_word' id='word_1_269' title='bbox 285 3559 336 3624; x_wconf 87' lang='lat' dir='ltr'>vel</span> <span class='ocrx_word' id='word_1_270' title='bbox 358 3563 488 3646; x_wconf 91' lang='lat' dir='ltr'>recepti.</span> <span class='ocrx_word' id='word_1_271' title='bbox 537 3562 736 3646; x_wconf 80' lang='lat' dir='ltr'>Quamquam</span> <span class='ocrx_word' id='word_1_272' title='bbox 759 3572 808 3628; x_wconf 92' lang='lat' dir='ltr'>est</span> <span class='ocrx_word' id='word_1_273' title='bbox 831 3565 862 3627; x_wconf 91' lang='lat' dir='ltr'>in</span> <span class='ocrx_word' id='word_1_274' title='bbox 886 3564 1071 3646; x_wconf 87' lang='lat' dir='ltr'>Originibus</span> <span class='ocrx_word' id='word_1_275' title='bbox 1102 3567 1213 3632; x_wconf 92' lang='lat' dir='ltr'>solitos</span> <span class='ocrx_word' id='word_1_276' title='bbox 1244 3587 1315 3634; x_wconf 87' lang='lat' dir='ltr'>esse</span> <span class='ocrx_word' id='word_1_277' title='bbox 1338 3569 1372 3632; x_wconf 93' lang='lat' dir='ltr'>in</span> 
     </span>
     <span class='ocr_line' id='line_1_33' title="bbox 182 3664 1373 3748; baseline 0.008 -20"><span class='ocrx_word' id='word_1_278' title='bbox 182 3664 287 3748; x_wconf 88' lang='lat' dir='ltr'>epulis</span> <span class='ocrx_word' id='word_1_279' title='bbox 311 3685 425 3729; x_wconf 88' lang='lat' dir='ltr'>canere</span> <span class='ocrx_word' id='word_1_280' title='bbox 450 3667 602 3732; x_wconf 86' lang='lat' dir='ltr'>convivas</span> <span class='ocrx_word' id='word_1_281' title='bbox 624 3666 665 3732; x_wconf 90' lang='lat' dir='ltr'>ad</span> <span class='ocrx_word' id='word_1_282' title='bbox 688 3669 851 3733; x_wconf 87' lang='lat' dir='ltr'>tibicinem</span> <span class='ocrx_word' id='word_1_283' title='bbox 875 3669 913 3733; x_wconf 91' lang='lat' dir='ltr'>de</span> <span class='ocrx_word' id='word_1_284' title='bbox 938 3671 1093 3734; x_wconf 87' lang='lat' dir='ltr'>clarorum</span> <span class='ocrx_word' id='word_1_285' title='bbox 1127 3671 1289 3738; x_wconf 90' lang='lat' dir='ltr'>hominum</span> <span class='ocrx_word' id='word_1_286' title='bbox 1311 3674 1373 3740; x_wconf 88' lang='grc'><strong>111-</strong></span> 
     </span>
     <span class='ocr_line' id='line_1_34' title="bbox 182 3767 1483 3864; baseline 0.009 -33"><span class='ocrx_word' id='word_1_287' title='bbox 182 3767 320 3852; x_wconf 84' lang='lat' dir='ltr'>tutibus;</span> <span class='ocrx_word' id='word_1_288' title='bbox 344 3767 496 3834; x_wconf 89' lang='lat' dir='ltr'>bonorem</span> <span class='ocrx_word' id='word_1_289' title='bbox 518 3777 626 3836; x_wconf 90' lang='lat' dir='ltr'>tamen</span> <span class='ocrx_word' id='word_1_290' title='bbox 649 3770 724 3836; x_wconf 92' lang='lat' dir='ltr'>huic</span> <span class='ocrx_word' id='word_1_291' title='bbox 747 3777 858 3854; x_wconf 90' lang='lat' dir='ltr'>generi</span> <span class='ocrx_word' id='word_1_292' title='bbox 881 3793 944 3838; x_wconf 92' lang='lat' dir='ltr'>non</span> <span class='ocrx_word' id='word_1_293' title='bbox 960 3773 1068 3843; x_wconf 74' lang='lat' dir='ltr'>,fuisse</span> <span class='ocrx_word' id='word_1_294' title='bbox 1099 3775 1242 3841; x_wconf 89' lang='lat' dir='ltr'>declarat</span> <span class='ocrx_word' id='word_1_295' title='bbox 1272 3778 1373 3843; x_wconf 89' lang='lat' dir='ltr'>oratio</span> <span class='ocrx_word' id='word_1_296' title='bbox 1475 3851 1483 3864; x_wconf 91' lang='lat'><strong>.</strong></span> 
     </span>
     <span class='ocr_line' id='line_1_35' title="bbox 184 3871 1373 3966; baseline 0.01 -29"><span class='ocrx_word' id='word_1_297' title='bbox 184 3871 324 3954; x_wconf 83' lang='lat' dir='ltr'>Oatonis,</span> <span class='ocrx_word' id='word_1_298' title='bbox 349 3874 381 3938; x_wconf 92' lang='lat' dir='ltr'>in</span> <span class='ocrx_word' id='word_1_299' title='bbox 405 3895 468 3957; x_wconf 90' lang='lat' dir='ltr'>qua</span> <span class='ocrx_word' id='word_1_300' title='bbox 491 3875 608 3940; x_wconf 89' lang='lat' dir='ltr'>obiecit</span> <span class='ocrx_word' id='word_1_301' title='bbox 641 3884 675 3940; x_wconf 91' lang='lat' dir='ltr'>ut</span> <span class='ocrx_word' id='word_1_302' title='bbox 698 3877 847 3961; x_wconf 89' lang='lat' dir='ltr'>probrum</span> <span class='ocrx_word' id='word_1_303' title='bbox 882 3877 922 3943; x_wconf 90' lang='lat' dir='ltr'>M.</span> <span class='ocrx_word' id='word_1_304' title='bbox 960 3879 1126 3965; x_wconf 87' lang='lat' dir='ltr'>Nobiliori,</span> <span class='ocrx_word' id='word_1_305' title='bbox 1163 3883 1247 3966; x_wconf 92' lang='lat' dir='ltr'>quod</span> <span class='ocrx_word' id='word_1_306' title='bbox 1280 3881 1306 3950; x_wconf 79' lang='lat' dir='ltr'>is</span> <span class='ocrx_word' id='word_1_307' title='bbox 1340 3888 1373 3949; x_wconf 91' lang='lat' dir='ltr'>in</span> 
     </span>
    </p>
   </div>
   <div class='ocr_carea' id='block_1_4' title="bbox 0 0 1512 4334">
    <p class='ocr_par' dir='ltr' id='par_1_7' title="bbox 0 0 1512 4334">
     <span class='ocr_line' id='line_1_36' title="bbox 0 0 1512 4334; baseline 0 0"><span class='ocrx_word' id='word_1_308' title='bbox 0 0 1512 4334; x_wconf 95' lang='lat' dir='ltr'> </span> 
     </span>
    </p>
   </div>
  </div>
 </body>
</html>
