2986 4334
550 235 633 282 Dera
652 234 752 298 publica
771 235 791 292 Ι,
811 236 921 286 39-42,
1287 233 1327 295 27

238 440 296 505 Est
313 442 421 523 igitur,
444 444 549 524 inquit
564 441 743 522 Atrioanus
766 460 818 506 res
833 439 963 525 publiea
976 459 1031 506 res
1045 441 1164 526 populi,
1187 439 1326 525 populus
1344 459 1378 511 39

120 551 232 610 antam
261 563 325 609 non
348 544 449 610 omnis
479 544 645 610 hominum
676 551 787 610 coetus
806 563 937 628 -quoqno
967 543 1063 608 modo
1096 550 1323 628 congregatus,

120 647 183 714 sed
205 654 315 714 ooetus
338 648 556 715 multitudinis
578 649 658 714 iuris
681 667 839 714 consensu
872 655 904 714 et
928 647 1076 714 utilitatis
1100 647 1323 713 eommunione

128 749 282 819 sooiatns.
327 753 406 818 Eius
435 759 543 820 autem
573 753 678 838 prima
707 771 805 819 oansa
839 751 975 817 ootiundi
1005 757 1055 818 est
1088 771 1152 817 non
1182 759 1249 816 tem
1279 751 1324 816 in·

127 856 290 922 beoillitas
314 877 410 939 quam
432 856 589 924 naturalis
612 855 771 940 quaedam
793 855 959 922 hominum
982 857 1073 938 quasi
1096 855 1320 939 congregatim

123 979 189 1025 non
212 966 262 1026 est
286 961 370 1027 enim
386 961 551 1044 singulare
573 981 633 1026 neo
648 961 830 1045 solivagum
854 980 957 1044 genus
979 959 1050 1041 hoo,
1076 959 1136 1025 sed
1158 960 1204 1025 ito
1226 980 1319 1044 gene·

123 1071 238 1146 ratum,
270 1072 307 1130 ut
329 1086 369 1130 ne
392 1065 425 1131 in
448 1065 590 1130 omnium
613 1066 742 1149 quidem
766 1085 871 1131 rerum
901 1063 1070 1131 affluentia
1093 1065 1126 1128 in
1149 1062 1321 1130 solitudine

125 1169 224 1234 vitam
247 1189 346 1253 agere
370 1169 456 1250 velit,
481 1169 540 1236 sed
563 1170 606 1235 sit
622 1169 805 1236 solitudinis
820 1167 949 1252 fugiens
974 1176 1005 1234 et
1028 1168 1260 1234 communionis
1282 1188 1321 1234 ao

123 1273 290 1340 sooietatis
312 1273 477 1359 adpetens.

717 1397 734 1434 alt

231 1517 274 1582 Hi
291 1525 400 1583 ooetus
416 1517 515 1600 igitur
531 1517 604 1597 hao,
627 1517 667 1583 de
684 1538 748 1600 qua
772 1517 914 1603 exposui,
939 1537 1038 1582 eausa
1052 1515 1190 1582 instituti
1206 1515 1315 1582 sedern
1335 1524 1367 1574 41

120 1619 262 1706 primum
285 1629 372 1688 certo
388 1621 457 1688 loeo
481 1621 714 1688 domioiliornm
731 1641 829 1688 eausa
852 1622 1100 1704 constituerunt;
1126 1637 1231 1704 quam*
1245 1639 1316 1686 oum

119 1724 200 1789 loois
234 1746 396 1810 manuque
419 1727 627 1812 saepsissent,
663 1725 840 1792 eiusmodi
875 1725 1129 1792 coniunctionem
1159 1732 1316 1791 tentorum

121 1827 279 1916 oppidum
301 1831 354 1898 vel
377 1831 489 1896 urbem
503 1831 751 1916 appellaverunt
774 1830 915 1897 delubris
931 1829 1116 1896 distinctam
1139 1829 1315 1916 spatiisque

117 1933 352 2000 communibus.
397 1931 508 2000 Omnis
540 1955 617 2019 ergo
648 1936 795 2020 populus,
833 1936 888 2018 qni
911 1942 960 2000 est
993 1935 1067 2000 talis
1098 1940 1208 2001 ooetus
1236 1934 1313 1998 mul-

117 2037 275 2118 titudinis,
310 2040 437 2122 qualem
469 2039 613 2126 exposui,
648 2039 752 2106 omnis
782 2039 905 2121 eivitas,
942 2045 1096 2123 quaeest
1127 2037 1312 2104 constitutio

116 2141 238 2228 populi,
264 2144 367 2209 omnis
390 2144 595 2229 respublica,
621 2165 713 2227 quae,
736 2152 771 2210 ut
787 2144 865 2225 dixi,
888 2143 996 2230 populi
1020 2163 1072 2210 res
1096 2149 1154 2225 est,
1178 2141 1311 2208 oonsilio

117 2245 257 2329 quodam
273 2247 418 2332 regenda
433 2255 491 2330 est,
507 2255 543 2313 ut
559 2248 709 2314 diuturna
724 2249 775 2314 sit.
811 2249 850 2314 Id
864 2255 972 2314 autem
992 2249 1159 2314 eonsilium
1174 2247 1310 2334 primum

117 2371 245 2437 semper
268 2351 310 2418 ad
332 2373 402 2418 eam
418 2371 549 2420 oausam
572 2353 776 2420 referendum
800 2361 856 2434 est,
881 2373 964 2437 quae
980 2373 1078 2419 causa
1100 2353 1212 2436 genuit
1235 2352 1310 2418 eivi-

116 2462 226 2522 tatem.
272 2456 398 2523 Deinde
421 2463 477 2522 aut
499 2459 554 2523 nni
577 2457 780 2524 tribuendum
811 2463 936 2522 estant
960 2456 1093 2523 deleatis
1117 2454 1308 2540 quibusdam
1327 2478 1360 2528 42
1482 2433 1483 2457 ¹

114 2565 171 2624 aut
200 2561 440 2646 suscipiendum
472 2567 520 2628 est
549 2562 746 2627 multitudini
776 2567 873 2646 atque
903 2562 1060 2628 omnibus.
1107 2558 1308 2638 Quareeum

114 2683 216 2748 penes
248 2684 348 2731 unum
383 2673 431 2732 est
466 2666 605 2731 omnium
638 2686 764 2732 summa
797 2687 911 2748 rerum,
946 2687 1057 2750 regem
1090 2666 1180 2730 illum
1210 2685 1309 2729 unum

114 2787 269 2834 vocamus
293 2775 325 2836 et
347 2789 484 2854 regnum
519 2770 588 2836 eius
611 2771 659 2836 rei
682 2771 830 2856 publicae
853 2777 981 2836 statum.
1028 2771 1108 2835 Cum
1130 2775 1237 2834 autern
1260 2777 1308 2834 est

114 2893 215 2958 penes
237 2873 389 2955 delectos,
413 2882 482 2939 tum
505 2875 560 2939 illa
582 2874 696 2940 eivitas
711 2875 913 2960 optimatium
936 2873 1065 2940 arbitrio
1088 2873 1159 2958 regi
1182 2873 1306 2938 dieitur.

114 2977 176 3042 Illa
197 2984 305 3044 autem
329 2986 379 3043 est
401 2978 514 3044 oivitas
537 2979 701 3064 popularis
725 2980 784 3061 (sio
807 2980 892 3044 enim
914 2977 1100 3064 appellant),
1133 2978 1166 3040 in
1189 2997 1252 3060 qua
1273 2976 1307 3041 in

114 3083 233 3167 populo
257 3089 332 3147 sunt
355 3081 470 3148 omnia.
518 3083 624 3165 Atque
654 3083 770 3148 horum
792 3083 890 3148 trium
923 3101 1078 3165 generum
1101 3080 1244 3164 quodvis,
1280 3081 1306 3145 si

114 3192 225 3252 teneat
247 3185 324 3252 illud
347 3186 497 3268 vinolam,
534 3186 620 3268 quod
642 3187 779 3274 primum
802 3186 950 3252 homines
972 3187 1057 3250 inter
1080 3206 1114 3250 se
1137 3185 1183 3249 rei
1206 3185 1307 3268 publi·

115 3309 174 3354 eae
197 3290 350 3356 societate
374 3289 530 3369 devinxit,
565 3311 629 3356 non
651 3291 829 3376 perfeetum
853 3291 934 3356 illud
956 3289 1085 3373 quidem
1108 3309 1213 3371 neque
1236 3310 1307 3354 mea

114 3395 273 3460 sententia
295 3395 461 3479 optimum,
492 3392 550 3476 sed
572 3395 736 3461 tolerabile
759 3402 868 3460 tamen
900 3403 931 3459 et
953 3393 1041 3458 alind
1063 3399 1097 3458 ut
1120 3393 1183 3458 alio
1206 3394 1315 3478 possit⁴

115 3517 187 3563 esse
209 3499 435 3584 praestantius.
481 3499 564 3564 Nam
588 3499 640 3564 vel
663 3519 719 3564 rex
749 3519 870 3581 aequus
893 3520 929 3564 ao
957 3498 1085 3582 sapiens
1116 3498 1167 3562 vel
1190 3497 1306 3562 deleoti

114 3621 154 3666 ao
177 3602 338 3688 prinsipes
368 3603 455 3668 oives
478 3603 531 3669 vel
561 3603 631 3689 ipse
653 3605 800 3688 populus,
836 3623 1027 3686 quamquam
1049 3600 1084 3666 id
1107 3609 1154 3669 est
1177 3602 1306 3668 minime

115 3705 323 3790 probandum,
346 3713 454 3773 tamen
468 3706 565 3774 nullis
580 3707 755 3774 interiectis
770 3706 992 3789 iniquitatibus
1008 3713 1063 3770 ant
1078 3705 1305 3791 cupiditatibus

117 3829 212 3894 posse
236 3810 361 3876 videtur
385 3811 492 3894 aliquo
516 3829 587 3888 esse
609 3831 673 3876 non
694 3811 815 3877 incerto
837 3817 931 3876 statu.
