2986 4334
204 243 245 306 34
620 243 660 292 De
679 259 706 292 re
724 245 824 308 publiea
842 245 864 302 L
882 247 924 297 dl.
944 247 986 298 02.

316 447 384 516 Sub
409 468 507 534 reguo
537 445 637 532 igitur
657 451 716 514 tibi
740 470 812 516 esse
834 451 942 536 plaoet
964 471 1074 514 omnes
1097 450 1194 514 animi
1216 457 1334 533 partes,
1369 457 1400 512 et

204 571 259 618 cras
281 553 350 636 regi
374 553 536 620 oonsilio?

311 655 388 722 llihi
412 675 489 724 vero
513 660 560 726 sio
582 657 698 742 placet.

311 761 374 828 (tur
397 761 494 846 igitur
509 761 647 844 dubitas,
663 761 739 846 quid
754 763 796 828 de
811 785 846 828 re
861 765 991 850 publiea
1006 763 1155 830 sentias?
1179 764 1212 828 in
1227 783 1300 846 qua,
1317 764 1345 828 si
1364 765 1397 827 in

202 867 310 953 plures
325 867 546 935 translaturos
562 870 612 950 sit,
628 867 774 950 intellegi
793 869 856 934 iam
873 870 948 934 lieet
963 869 1086 933 nullum
1105 867 1185 947 sore,
1205 867 1291 950 quod
1309 888 1396 952 prae·

202 975 252 1058 sit,
275 975 451 1058 imperium,
480 973 564 1056 quod
588 972 727 1056 quidem,
752 971 815 1039 nisi
838 994 935 1038 unum
959 975 1009 1040 sit.
1040 993 1112 1039 esse
1134 973 1257 1037 nullum
1280 979 1396 1056 potest.

150 1104 179 1154 til
312 1093 394 1162 Tum
413 1095 559 1161 laelius:
584 1094 679 1175 Quid,
696 1115 825 1178 quaeso,
850 1100 982 1161 interest
1006 1098 1090 1160 inter
1104 1116 1200 1160 unum
1224 1101 1256 1160 et
1278 1095 1398 1178 plnres.

203 1201 227 1264 si
252 1200 374 1266 iustitia
396 1209 446 1266 est
469 1202 500 1264 in
524 1199 693 1286 pluribus?

310 1303 350 1370 itt
376 1303 500 1390 Scipio:
534 1304 691 1382 Quoniam
714 1305 851 1370 testibus
874 1307 954 1372 meis
977 1306 1131 1387 intellexi,
1155 1305 1254 1384 Laeli,
1278 1313 1310 1368 te
1333 1325 1398 1368 non

205 1407 296 1474 valde
312 1409 440 1490 moveri,
456 1428 519 1474 nou
538 1408 683 1474 desinam
699 1417 732 1474 te
747 1413 793 1474 uti
808 1417 900 1490 teste,
917 1417 952 1474 ut
967 1411 1038 1490 hoo,
1055 1409 1139 1492 quod
1156 1409 1238 1487 dieo,
1254 1408 1397 1493 probem.

310 1511 371 1594 Me,
396 1513 497 1596 inquit
520 1513 585 1595 ille,
610 1533 746 1596 quonam
770 1513 890 1578 modo?

307 1615 389 1694 Quia
420 1617 559 1684 animum
590 1616 715 1682 adverti
739 1638 852 1702 nuper,
883 1639 953 1684 eum
985 1623 1129 1684 essemus
1160 1622 1191 1682 in
1215 1618 1396 1697 Formiano,

201 1727 233 1784 te
257 1719 398 1787 familiae
422 1721 517 1786 valde
539 1721 740 1803 interdicere,
764 1727 800 1786 ut
823 1724 875 1786 ιιιιιΙ
902 1723 988 1788 dioto
1012 1723 1264 1791 audiensesset.

311 1821 437 1912 Quippe
457 1825 564 1892 vilieo.

312 1927 421 2006 ouidi
447 1927 533 1994 domi
556 1931 706 2016 pluresne
729 1939 881 2016 praesunt
904 1928 1044 2015 negotiis
1067 1932 1154 1996 tuis?

312 2033 411 2100 lmmo
435 2053 509 2100 vero
533 2053 623 2117 unus,
647 2035 760 2117 inquit.

311 2135 422 2216 Quid?
445 2145 545 2204 totam
568 2137 698 2230 domum
722 2159 797 2204 num
822 2143 894 2222 quis
919 2139 1001 2224 alter
1024 2144 1152 2222 praeter
1174 2146 1207 2201 te
1230 2137 1337 2220 regit?

306 2243 434 2310 Minime
457 2263 541 2310 vero.

311 2348 393 2424 tluirr
418 2355 453 2412 tu
484 2351 582 2432 igitur
611 2348 762 2414 eonoedis
792 2349 877 2414 idem
901 2351 934 2412 in
965 2349 1162 2432 republica,
1197 2348 1396 2430 singulorum

202 2449 393 2531 ‹lirruinetus
417 2449 444 2518 si
468 2453 562 2518 modo
585 2453 661 2518 iusti
686 2456 757 2532 sint,
783 2471 854 2518 esse
877 2451 1038 2536 optimos?

312 2553 472 2636 Adduoor,
495 2559 606 2640 inquit,
630 2561 665 2621 ut
687 2576 786 2640 prope
809 2556 935 2620 modum
958 2555 1129 2622 adsentiar.

150 2667 182 2716 *ll
305 2657 346 2724 Et
368 2659 492 2744 Soipio:
528 2661 610 2725 'lum
633 2663 737 2744 magis
761 2659 953 2741 adsentiare,
988 2659 1087 2742 Laeli,
1122 2664 1159 2741 si,
1194 2667 1229 2724 ut
1252 2663 1395 2724 omittam

200 2761 436 2844 similitudines,
471 2763 525 2828 uni
549 2763 766 2848 gubernatori,
801 2765 856 2827 uni
879 2764 1013 2844 medioo,
1048 2764 1077 2828 si
1099 2764 1188 2847 digni
1212 2763 1306 2829 modo
1330 2768 1397 2830 sint

202 2865 239 2934 lis
262 2869 392 2948 artibus,
417 2869 535 2934 rentius
559 2886 631 2933 esse
655 2868 748 2933 alteri
771 2887 885 2933 navem
909 2871 1115 2947 oommittere,
1146 2887 1277 2950 aegium
1300 2869 1395 2934 alteri

201 2991 294 3054 ιιιιιιιιι
319 2973 435 3054 multis,
460 2971 501 3036 ad
524 2971 646 3038 maiora
668 2991 853 3056 pervenero.

309 3075 473 3152 Quaenam
496 3079 560 3142 ista
583 3074 682 3142 sunt?

311 3177 421 3256 Quid?
452 3187 486 3244 tu
509 3199 572 3246 non
595 3180 687 3246 vides
710 3180 805 3244 unius
828 3181 1069 3263 importunitate
1093 3187 1124 3243 et
1147 3181 1297 3264 superbia
1319 3181 1398 3244 Tar·

201 3281 300 3364 truinii
323 3303 438 3350 riornen
462 3283 537 3350 huie
559 3283 676 3370 populo
699 3286 730 3348 in
755 3282 862 3348 odium
885 3285 1013 3348 venisse
1036 3284 1184 3365 regium?

309 3387 410 3452 Vidoo
433 3409 517 3456 voro.
541 3391 653 3470 iuquit.

315 3509 399 3594 llrgo
415 3509 511 3576 etiamr
534 3507 615 3574 illud
632 3506 734 3588 rides,
760 3507 800 3572 de
817 3527 880 3590 quo
904 3507 1129 3593 progrediente
1145 3512 1286 3573 oratione
1302 3510 1397 3594 plura

201 3631 250 3676 ruo
285 3609 441 3679 ditiorum
471 3619 557 3698 puto.
592 3612 767 3694 Tarquinio
802 3619 916 3678 exaoto
949 3613 1029 3676 mma
1063 3611 1201 3694 quadam
1231 3614 1397 3680 exultasse

201 3715 352 3802 populum
375 3717 547 3784 insolentia
569 3716 741 3782 libertatis:
766 3725 834 3780 tum
857 3716 960 3781 exaoti
983 3715 1017 3780 in
1040 3717 1172 3780 exilium
1195 3717 1397 3801 innoeentes,

201 3830 264 3872 tum
289 3819 372 3886 liena
400 3819 527 3906 direpte
548 3821 728 3891 multorum,
762 3827 830 3886 trun
851 3821 948 3886 annui
980 3821 1137 3900 eonsules,
1171 3829 1237 3886 tum
1260 3819 1397 3888 demissi
1482 3811 1483 3872 ἶ

345 3923 448 3994 *isoes
472 3936 539 3990 tum
555 3927 800 4010 pmrooutiones
817 3927 956 3990 omnium
973 3944 1088 4004 rerum,
1111 3932 1179 3988 tum
1194 3928 1398 3992 secessiones
1482 3921 1483 3978 l
