2986 4334
195 133 238 196 24
621 131 660 178 De
678 145 704 178 re
721 129 861 194 potue-1,
880 129 973 184 s—rl.

196 335 399 424 gravissimis
414 335 658 422 tempestatibus
673 354 712 400 ac
735 355 838 420 peeue
855 333 1044 400 fulminibus
1066 333 1145 419 ipsis
1160 333 1299 400 obvium
1317 335 1411 400 ferre
1472 306 1473 325 ¹

194 438 486 510 conservandorum
508 439 626 506 ciuium
650 459 749 506 causa
771 440 915 522 meisque
938 437 1076 524 propriis
1101 434 1253 524 periculis
1278 459 1406 523 parere

160 551 177 604 8
195 566 363 614 commuue
377 545 510 629 reliquis
525 545 635 610 otium.
668 544 784 628 Neque
798 543 884 611 euim
907 543 968 609 1111
984 563 1042 609 111
1065 543 1169 628 putria
1190 543 1265 626 lege
1280 546 1409 626 genuit

194 661 251 718 ant
273 650 432 732 educavit,
471 651 618 716 utnulla
648 650 740 734 qnasi
771 649 925 716 alimento
958 655 1145 734 expectaret
1180 669 1202 713 a
1230 649 1334 715 nobis
1368 673 1409 716 ac

195 764 321 822 tantum
344 755 439 822 modo
468 756 587 822 uostris
609 755 680 840 ipsa
710 754 887 820 commodis
910 753 1052 820 servieus
1081 759 1185 819 tutum
1208 752 1409 838 perfugium

195 864 261 928 otio
284 869 394 928 uestro
418 861 637 946 suppeditaret
670 867 702 926 et
724 859 935 944 tranquillum
957 859 1000 924 ad
1022 859 1160 943 quietem
1185 859 1300 939 locum,
1346 861 1410 926 sed

196 975 230 1032 ut
252 967 407 1052 plurimas
430 973 462 1031 et
478 967 635 1030 maximas
651 965 751 1030 nostri
770 965 877 1044 animi,
901 962 1032 1048 ingenii,
1057 963 1182 1029 consilii
1198 970 1309 1048 partes
1328 964 1409 1049 ipsa

196 1071 257 1136 sibi
279 1069 322 1136 ad
338 1070 510 1136 utilitatem
526 1089 617 1136 suam
632 1070 855 1154 pigneraretur
877 1075 1067 1150 tantumque
1081 1065 1175 1133 uobis
1198 1067 1232 1131 iu
1247 1075 1408 1133 uestrum

195 1175 358 1260 privatum
380 1194 485 1256 usum,
511 1181 665 1258 quantum
687 1171 750 1258 ipsi
774 1191 943 1255 superesse
965 1179 1085 1257 posset,
1109 1171 1296 1240 remitteret.

160 1316 177 1367 9
299 1298 369 1362 Iam
391 1296 448 1361 illa
470 1296 631 1381 perfugia,
654 1314 737 1378 qnae
753 1301 883 1360 sumunt
905 1293 967 1360 sibi
988 1292 1031 1357 ad
1053 1293 1305 1374 excusationem,
1332 1315 1405 1378 quo

195 1399 321 1467 facilius
344 1400 409 1466 otio
432 1400 646 1486 perfruantur,
684 1406 770 1464 certe
793 1399 924 1463 minime
947 1405 1021 1463 sunt
1044 1396 1212 1482 audienda,
1250 1417 1325 1464 cum
1353 1399 1404 1463 ita

195 1505 315 1586 dicunt,
351 1505 505 1570 accedere
528 1503 569 1570 ad
592 1526 659 1570 rem
682 1503 843 1589 publicam
865 1504 1054 1588 plerumque
1076 1501 1222 1568 homiues
1244 1503 1336 1567 nulla
1363 1525 1401 1568 re

195 1611 282 1675 bona
303 1609 430 1694 dignos,
454 1630 528 1674 cum
550 1610 666 1691 quibus
690 1609 866 1693 comparari
887 1606 1062 1687 sordidum,
1086 1605 1263 1688 confligere
1284 1613 1400 1674 autem

196 1713 400 1780 multitudine
435 1717 623 1799 praesertim
661 1717 794 1780 incitata
827 1715 978 1779 miserum
1017 1721 1048 1776 et
1083 1713 1302 1797 periculosum
1341 1718 1401 1779 sit.

197 1819 302 1896 Quum
332 1820 465 1884 obrem
488 1837 594 1901 neque
617 1820 771 1902 sapientis
795 1837 866 1883 esse
897 1820 1043 1902 accipere
1067 1815 1220 1897 habenas,
1253 1836 1328 1882 cum
1350 1822 1403 1883 in-

196 1945 292 1990 sanos
315 1931 413 2007 atque
436 1923 608 1988 indomitos
623 1926 762 2006 impetus
784 1922 875 2004 volgi
894 1922 1042 1987 cohibere
1065 1941 1130 1986 uon
1152 1925 1264 2006 possit,
1287 1943 1400 2006 neque

196 2030 289 2093 liberi
312 2049 385 2092 oum
407 2030 543 2112 impuris
565 2034 662 2110 atque
684 2027 868 2092 inmanibus
887 2026 1080 2093 adversariis
1096 2025 1317 2092 decertantem
1342 2031 1398 2093 uel

197 2133 462 2198 contumeliarum
477 2131 612 2197 verbera
627 2133 734 2196 subire
750 2132 803 2196 vel
819 2138 992 2215 expectare
1007 2133 1146 2216 sapienti
1161 2151 1226 2196 nen
1241 2131 1398 2197 ferendas

196 2240 346 2320 iniurias;
370 2235 505 2322 proinde
528 2239 621 2318 quasi
643 2237 736 2301 bonis
759 2243 790 2300 ct
814 2235 950 2300 fortibus
973 2241 1005 2299 et
1029 2256 1146 2318 magno
1170 2238 1278 2301 animo
1301 2257 1398 2320 prae-

197 2341 273 2406 ditis
297 2341 365 2406 ulla
388 2344 429 2406 sit
451 2341 583 2406 adrem
606 2339 767 2425 publicam
790 2339 932 2406 adeundi
955 2359 1052 2404 causa
1074 2341 1195 2420 iustior,
1231 2359 1328 2422 quam
1353 2365 1397 2408 ne

196 2454 331 2529 pareant
354 2447 508 2531 improbis
524 2465 605 2510 neve
628 2445 669 2509 ab
684 2444 789 2509 isdem
807 2445 944 2510 lacerari
958 2462 1026 2509 rem
1042 2443 1203 2528 publicam
1218 2447 1396 2528 potiantur,

198 2570 270 2614 cum
293 2554 356 2634 ipsi
380 2551 535 2614 auxilium
557 2549 651 2626 ferre,
676 2551 703 2612 si
727 2552 865 2633 cupiant,
891 2567 955 2613 non
979 2555 1107 2631 queant.

148 2686 178 2736 11
300 2671 362 2734 1111
384 2677 490 2734 autem
511 2672 658 2754 exceptio
681 2673 734 2734 cni
749 2671 879 2754 probari
893 2671 1022 2735 tandem
1038 2677 1153 2756 potest,
1171 2670 1254 2752 quod
1271 2683 1396 2755 negant

198 2777 379 2860 sapientem
402 2781 626 2858 suscepturum
649 2774 747 2837 ullam
771 2777 817 2839 rei
840 2775 989 2859 publicae
1012 2782 1146 2860 partem,
1181 2782 1272 2841 extra
1296 2796 1396 2858 quam

198 2881 225 2943 si
248 2899 321 2943 eum
336 2885 463 2962 tempus
487 2885 518 2942 et
534 2879 712 2942 necessitas
728 2878 895 2961 coegerit?
919 2882 1103 2962 quasivero
1126 2883 1228 2944 maior
1242 2884 1394 2963 cuiquam

198 2985 377 3048 necessitas
408 2981 555 3046 accidere
587 2985 698 3066 possit,
738 3003 833 3064 quam
861 2983 979 3048 accidit
1009 2985 1118 3066 nobis;
1157 2987 1191 3049 in
1221 3004 1285 3066 qua
1314 2987 1395 3068 quid

198 3087 305 3152 facere
329 3090 516 3170 potuissem,
539 3088 602 3151 nisi
623 3092 691 3149 tum
715 3076 827 3151 1111111
851 3087 1010 3153 fuissem?
1044 3087 1165 3153 Consul
1189 3096 1296 3154 autem
1318 3109 1395 3157 esse

197 3193 251 3272 qui
267 3193 366 3275 potui,
391 3193 452 3255 uisi
476 3210 549 3254 eum
564 3192 651 3255 vitae
675 3211 803 3256 cursum
818 3195 995 3258 tenuissem
1018 3185 1199 3277 apueriti'a,
1223 3213 1393 3282 perquem

198 3298 339 3378 equestri
360 3295 432 3360 loeo
456 3302 549 3360 uatus
572 3297 775 3379 pervenirem
798 3295 840 3361 ad
861 3295 1014 3362 honorem
1037 3298 1296 3381 amplissimum?
1320 3299 1393 3365 Non

199 3401 298 3481 igitur
329 3406 470 3484 potestas
502 3406 551 3466 est
582 3419 623 3464 ex
652 3406 797 3484 tempore
831 3407 886 3464 111
924 3420 996 3465 cum
1027 3402 1107 3467 velis
1138 3403 1315 3486 opitulandi
1345 3409 1390 3470 rei

197 3503 356 3587 publicae,
381 3507 527 3585 quamvis
547 3523 585 3568 11
600 3511 765 3588 prematur
786 3505 947 3590 periculis,
972 3509 1034 3571 nisi
1050 3526 1087 3571 ee
1109 3507 1181 3571 1111
1197 3509 1251 3588 sis,
1275 3514 1310 3571 ut
1334 3510 1390 3575 tibi

147 3618 176 3667 11
198 3607 231 3673 id
254 3606 360 3672 facere
376 3608 480 3674 liceat.
518 3608 722 3690 Maximeque
737 3607 798 3673 hoc
821 3610 854 3672 iu
871 3607 1035 3674 hominnm
1058 3607 1225 3676 doctorum
1248 3613 1389 3678 oratioue

199 3712 278 3777 mihi
300 3715 416 3778 mirum
445 3713 548 3778 videri
570 3714 662 3796 11111,
697 3713 791 3796 qued,
827 3716 882 3796 qui
905 3715 1080 3798 tranquillo
1109 3719 1190 3781 mari
1212 3717 1390 3800 gubernare

198 3837 231 3880 se
255 3824 372 3900 negent
394 3836 498 3902 posse,
539 3816 623 3899 quod
653 3837 712 3882 nec
736 3816 905 3882 didicerint
935 3837 1168 3900 1111111111
1192 3823 1387 3888 111111111-
