2986 4334
549 263 589 311 De
607 278 634 311 re
651 262 752 327 publica
769 263 790 322 I,
810 265 851 316 59.
872 266 913 316 60.
1285 265 1326 328 33

242 468 430 555 subcipio:
466 470 564 552 Atqui
587 468 722 550 adhoc,
757 469 797 534 de
821 489 883 552 quo
904 473 1020 552 agitur,
1055 490 1118 534 non
1142 473 1325 552 quaerimus

7 569 47 612 ··’·
123 581 271 656 gentem,
304 576 437 658 ingenia
460 577 651 656 quaerimus.
698 571 734 641 Si
758 569 842 638 enirn
866 579 897 638 et
927 574 1101 659 prudentes
1125 574 1269 640 homines
1293 582 1325 640 et

121 699 193 743 non
228 684 354 744 veteres
388 699 482 763 reges
516 677 636 744 habere
670 680 849 758 voluerunt,
883 685 955 742 utor
989 699 1092 762 neque
1127 682 1324 764 perantiquis
1361 683 1369 701 ⁸

48 827 73 866 .:
122 803 233 865 neque
255 782 438 849 inhumanis
461 804 499 849 ac
523 783 601 849 feris
622 783 766 849 testibus.

238 904 320 969 'Pum
337 904 484 970 Laelius:
509 903 611 968 Video
627 911 669 986 te,
694 905 810 990 Scipio,
827 905 1015 970 testimoniis
1032 908 1110 970 satis
1127 909 1323 985 instructum,
1343 915 1376 964 ca

25 1039 48 1080 .·
123 1009 189 1076 sed
211 1009 298 1094 apud
321 1029 381 1090 me,
416 1015 451 1073 ut
474 1009 561 1094 apud
595 1010 711 1074 bonum
735 1009 881 1088 iudicem,
917 1016 1105 1092 argumenta
1128 1011 1200 1094 plus
1231 1030 1323 1091 quam

2 1127 52 1188 ιζ
123 1121 230 1179 testes
253 1115 369 1183 valent.

28 1253 74 1298 a:
238 1227 319 1291 Tuum
354 1226 477 1312 Scipio:
517 1227 615 1294 Utere
649 1231 746 1310 igitur
780 1233 979 1310 argumento,
1018 1228 1116 1308 Laeli,
1153 1235 1219 1292 tute
1254 1231 1337 1312 ipse'

127 1351 245 1396 sensus
268 1333 323 1396 tui.
751 1329 757 1337 '

235 1445 342 1524 Cuius,
367 1447 468 1527 inquit
491 1445 555 1524 ille,
579 1447 715 1510 sensus?

238 1557 273 1622 Si
296 1556 425 1639 quando
447 1557 530 1623 forte
565 1559 624 1624 tibi
646 1563 734 1624 visus
756 1579 791 1624 es
815 1563 909 1624 irasci
932 1560 1038 1624 alicui.

233 1670 302 1752 Ego
326 1690 401 1736 vero
425 1673 562 1756 saepius,
587 1693 680 1754 quarn
703 1672 827 1737 vellem.

234 1774 342 1860 Quid?
377 1793 452 1865 turn,
488 1805 559 1850 cum
590 1794 625 1850 tu
659 1807 693 1852 es
716 1790 825 1866 iratus,
861 1789 1019 1870 permittis
1053 1789 1098 1852 illi
1133 1787 1319 1851 iracundiae

128 1885 327 1954 dominatum
351 1892 449 1954 animi
472 1889 543 1954 tui?

233 2011 304 2075 Non
328 2011 520 2092 mehercule,
545 2015 655 2094 inquit,
687 2011 745 2078 sed
767 2014 872 2078 imitor
896 2013 1069 2098 Archytam
1093 2015 1181 2078 illum
1204 2015 1320 2079 Taren-

125 2117 238 2195 tinum,
274 2114 328 2197 qui
352 2136 424 2180 cum
454 2114 495 2180 ad
518 2116 628 2182 villam
658 2117 800 2183 venisset
824 2125 856 2184 et
880 2115 985 2183 omnia
1018 2119 1112 2184 aliter
1135 2117 1320 2184 offendisset

124 2211 165 2283 ac
182 2217 329 2299 iusserat,
343 2219 438 2285 ‘Ate
455 2220 690 2301 infelicem,
715 2223 817 2303 inquit
833 2223 937 2304 vilico,
961 2226 1087 2306 ‘quem
1104 2243 1319 2288 necassem

4 2321 46 2360 ¹¹³³*
124 2324 207 2388 iarn
230 2323 491 2405 verberibus,
516 2325 595 2390 nisi
620 2326 754 2390 iratus
778 2323 926 2391 essem’.

232 2445 369 2529 Optime,
398 2446 500 2530 inquit
525 2447 644 2532 Scipio.
690 2447 777 2530 Ergo
801 2447 962 2532 Archytas
992 2447 1198 2528 iracundiam,
1231 2449 1318 2514 vide·
1338 2459 1371 2508 oo

25 2627 35 2636 ..
124 2551 202 2616 licet
228 2548 436 2616 dissidentem
459 2571 480 2615 a
501 2551 636 2630 ratione,
660 2551 850 2617 seditionem
874 2551 1033 2634 quandam
1063 2551 1162 2616 animi
1192 2574 1319 2617 movere

5 2647 12 2674 ’”
40 2654 43 2660 ’
123 2655 265 2722 ducebat
297 2661 329 2720 et
351 2675 421 2720 eam
452 2655 586 2721 oonsilio
610 2655 714 2722 sedari
738 2657 883 2739 volebat3
919 2656 1003 2720 adde
1026 2655 1203 2740 avaritiam,
1237 2655 1319 2721 adde

123 2760 260 2844 imperii,
284 2759 369 2825 addc
392 2758 515 2843 gloriae
531 2759 748 2844 cupiditatem,
774 2759 858 2826 adde
875 2760 1040 2843 libidines;
1066 2769 1097 2826 et
1113 2760 1195 2824 illud
1218 2761 1318 2842 vides,

123 2865 157 2928 in
179 2862 295 2929 animis
310 2864 474 2929 hominum
490 2866 602 2948 regale
619 2865 645 2929 si
661 2865 827 2951 imperium
844 2865 894 2945 sit,
918 2866 1011 2930 unius
1027 2863 1096 2930 iore
1112 2865 1317 2945 dominatum,

123 2967 248 3032 consilii
273 2968 395 3034 scilicet
419 2967 472 3052 (ea
499 2976 549 3034 est
571 2970 656 3034 enim
679 2969 774 3034 animi
791 2989 864 3054 pars
887 2970 1030 3054 optima),
1055 2970 1187 3036 consilio
1211 2979 1318 3034 autem

124 3068 309 3138 dominante
332 3074 452 3138 nullum
476 3093 547 3139 esse
570 3073 766 3154 libidinibus,
792 3074 914 3138 nullum
938 3076 1012 3154 irae,
1047 3075 1168 3138 nullum
1192 3076 1317 3138 temeri-

23 3265 24 3276 *
123 3177 182 3240 tati
208 3177 320 3242 locum.

229 3290 293 3371 Sic,
317 3292 431 3373 inquit,
454 3299 510 3357 est.

231 3405 353 3470 Probas
375 3401 475 3487 igitur
497 3406 637 3470 animum
660 3406 705 3470 ita
727 3404 917 3470 adfectum?

226 3515 315 3581 Nihil
337 3537 424 3600 vero,
448 3518 563 3603 inquit,¹
581 3520 693 3602 magis.

229 3629 315 3714 Ergo
338 3651 401 3697 non
424 3633 588 3718 probares,
620 3637 646 3697 si
670 3633 804 3698 consilio
827 3633 919 3717 pulso
941 3630 1101 3711 libidines,
1135 3650 1216 3711 quae
1241 3637 1313 3694 sunt

118 3735 379 3816 innumerabiles,
402 3736 626 3802 iracundiaeve
650 3743 795 3801 tenerent
818 3736 949 3801 omnia?

229 3849 300 3933 Ego
337 3869 415 3915 vero
449 3851 529 3914 nihil
563 3854 624 3915 isto
659 3851 774 3929 animo,
814 3846 893 3914 nihil
928 3853 973 3913 ita
1006 3848 1146 3912 animato
1184 3845 1312 3908 homine

117 3954 266 4020 miserius
290 3953 448 4020 ducerem.

171 4075 227 4115 Scir
236 4073 242 4114 i
251 4087 262 4115 c
270 4075 284 4114 h
293 4089 313 4127 e,
327 4075 375 4115 Aua
390 4075 481 4116 Ciceros
495 4075 690 4126 philosophischen
706 4073 824 4114 Schriltnn.
1018 4079 1033 4128 3
