2986 4334
518 263 557 312 ne
576 279 601 312 re
620 263 719 327 publica
738 265 757 321 1,
778 267 820 318 oe.
1223 266 1264 330 37

61 472 244 535 natione
271 475 309 534 et
334 469 407 534 boo
435 469 582 534 malum
610 488 738 553 usque
765 469 814 533 ad
841 471 1004 536 bestias
1032 473 1264 556 perveniat,

61 575 335 655 deniqueut
379 581 498 660 pater
542 573 682 639 filium
726 581 891 656 metuat,
937 575 1062 642 lilius
1107 584 1265 660 patrem

60 680 281 762 neglegat,
313 679 424 744 absit
455 677 586 742 omnis
617 677 757 762 pudor,
788 683 830 742 ιιι
860 680 983 764 plane
1013 679 1141 745 liberi
1171 683 1263 760 sint,

58 781 178 847 nihil
205 785 387 862 intersit,
415 784 522 848 eivis
550 784 606 848 sit
633 803 681 846 an
708 785 971 867 peregrinus,
995 786 1197 868 magister
1224 791 1266 848 ut

59 887 309 971 discipulos
342 893 497 952 metuat
532 893 570 951 et
608 889 661 952 iis
695 888 943 953 blandiatur
980 895 1265 972 spernantque

59 992 276 1076 disoipuli
311 993 550 1074 magistros,
585 991 888 1058 adulescentes
925 1000 967 1058 ιιι
1005 1013 1144 1059 senum
1182 995 1265 1058 sibi

60 1094 229 1181 pondus
273 1095 499 1177 adsumant,
542 1117 665 1162 senes
706 1103 842 1162 autem
876 1097 925 1161 ad
955 1097 1093 1162 ludum
1127 1097 1265 1162 adule-

61 1203 276 1266 scentium
299 1200 569 1282 descendant,
593 1222 640 1266 ne
664 1203 749 1266 sint
772 1203 826 1266 iis
853 1201 991 1267 odiosi
1023 1209 1060 1266 et
1090 1221 1261 1284 graves;

62 1327 112 1370 ex
159 1325 237 1387 quo
283 1304 342 1386 fit,
388 1311 430 1370 ut
475 1309 598 1370 etiam
629 1309 756 1371 servi
801 1326 843 1371 se
884 1307 1066 1371 liberius
1104 1312 1262 1388 gerant,

63 1429 220 1474 uxores
243 1409 384 1475 eodem
411 1413 498 1475 iure
522 1413 615 1490 sint,
641 1429 717 1493 quo
739 1413 831 1492 viri,
855 1414 980 1493 inque
1003 1415 1120 1474 tanta
1143 1410 1264 1474 liber·

63 1521 154 1580 tate
178 1521 302 1580 ean'es
326 1517 448 1579 etiam
473 1522 511 1580 et
538 1519 643 1598 equi,
666 1517 794 1602 aselli
818 1515 998 1598 denique
1025 1515 1152 1580 liberi
1180 1517 1263 1579 sint

63 1628 104 1684 ιι
142 1621 204 1684 ιιι
242 1622 470 1700 ipenrrant,
509 1625 551 1683 ut
588 1623 642 1685 iis
679 1619 728 1685 de
768 1623 836 1686 via
872 1619 1158 1685 decedendum
1197 1622 1261 1684 ιιι.

63 1724 175 1806 Ergo
210 1742 257 1787 ex
290 1722 365 1788 hae
400 1721 584 1804 infinita,
619 1726 730 1806 inquit,
765 1725 946 1790 lieentia
974 1723 1077 1788 haee
1112 1743 1264 1788 summa

62 1831 247 1911 cogitur,
300 1833 342 1892 ut
394 1831 452 1891 ita
504 1827 761 1893 fastidiosae
816 1830 1048 1911 mollesque
1104 1836 1261 1893 mentes

64 1932 251 2001 evadant
302 1933 464 2012 oivium,
516 1939 567 2012 ut,
613 1934 648 1996 si
693 1935 857 1998 minima
901 1936 964 1997 vis
1008 1932 1262 1997 adhibeatur

63 2038 246 2122 imperii,
276 2037 519 2100 iraseantur
548 2041 587 2100 et
617 2035 809 2120 perferre
843 2042 1069 2119 nequeant;
1103 2057 1150 2100 ex
1185 2056 1260 2118 quo

62 2147 189 2226 leges
223 2158 388 2222 quoque
421 2143 635 2224 incipiunt
669 2141 909 2224 neglegere,
944 2148 985 2205 ut
1018 2140 1139 2224 plane
1170 2141 1259 2204 sine

60 2249 151 2314 ullo
182 2245 346 2310 domino
377 2246 479 2310 sint?

170 2367 252 2432 Tum
275 2367 418 2432 Laelius:
454 2366 597 2448 Prorsus,
633 2369 744 2448 inquit,
780 2384 934 2450 expressa
958 2372 1029 2430 sunt
1059 2371 1143 2446 ate,
1179 2384 1260 2448 quae
1279 2381 1311 2431 ιιι

59 2474 150 2540 dieta
174 2472 310 2538 suntab
334 2472 399 2536 illo.

167 2594 283 2678 Atque,
321 2603 357 2657 ιιι
380 2595 443 2658 iam
466 2593 508 2656 ad
531 2595 687 2658 sermonis
717 2595 780 2656 mei
803 2613 922 2656 morem
945 2601 1095 2674 revertar,
1135 2615 1174 2658 ex
1199 2593 1259 2658 hae

58 2703 161 2764 nimia
183 2699 322 2777 lieentia,
346 2717 441 2778 quam
464 2698 511 2761 illi
535 2698 635 2762 solam
659 2697 839 2761 libertatem
862 2704 984 2781 putant,
1017 2703 1061 2763 ait
1084 2700 1139 2764 ille
1161 2705 1196 2763 ut
1219 2720 1259 2764 ex

60 2807 165 2890 stirpe
197 2801 334 2884 quadam
358 2803 492 2866 existere
523 2809 554 2866 et
578 2805 670 2883 quasi
700 2804 790 2866 nasei
821 2807 1003 2884 tyrannum.
1049 2805 1132 2868 Nam
1155 2811 1189 2868 ut
1219 2823 1259 2867 ex

61 2909 164 2973 nimia
193 2906 335 2990 potentia
365 2905 544 2990 principum
574 2908 673 2969 oritur
704 2907 850 2969 interitus
882 2907 1070 2990 principum,
1106 2909 1152 2971 sie
1174 2906 1258 2970 hune

59 3013 157 3076 nimis
173 3010 309 3075 liberum
332 3011 485 3094 populum
500 3009 632 3074 libertas
655 3013 726 3093 ipsa
742 3011 893 3073 servitute
918 3009 1035 3074 adficit.
1076 3009 1130 3074 Sio
1153 3014 1258 3074 omnia

60 3119 170 3196 nimia³
211 3135 282 3178 eum
303 3116 355 3179 vel
386 3117 418 3178 in
452 3120 641 3198 tempestate
665 3115 716 3178 vel
751 3117 783 3178 in
807 3116 895 3197 agris
929 3115 981 3178 vel
1004 3117 1036 3178 iu
1070 3116 1257 3198 corporibus

60 3223 199 3286 laetiora
229 3218 365 3298 fuerunt,
401 3222 432 3281 in
464 3221 621 3284 contraria
643 3217 709 3282 sere
741 3226 976 3298 convertuntur,
1000 3221 1201 3301 maximeque
1224 3220 1257 3283 id

60 3330 94 3390 in
118 3324 216 3390 rebus
239 3323 376 3408 publicis
411 3325 526 3403 euenit,
561 3325 722 3405 nimiaque
745 3325 802 3388 illa
836 3323 966 3388 libertas
1001 3331 1033 3388 et
1063 3325 1190 3408 populis
1226 3332 1257 3388 et

60 3431 198 3516 privatis
228 3430 260 3491 in
290 3429 419 3492 nimiam
449 3429 636 3492 servitutem
667 3427 761 3492 eadit.
809 3429 920 3510 ltaque
951 3449 992 3492 ex
1022 3428 1083 3493 hae
1119 3431 1257 3493 maxima

60 3536 210 3598 libertate
232 3539 388 3615 tyrannus
412 3534 556 3614 gignitur
578 3537 610 3596 et
632 3533 689 3597 illa
712 3534 922 3597 iniustissima
945 3539 976 3597 et
999 3531 1170 3598 durissima
1194 3553 1256 3598 ser-

61 3641 157 3702 vitus,
195 3637 245 3700 Ex
267 3635 328 3700 hoe
344 3638 429 3701 enim
452 3637 570 3720 populo
590 3635 743 3702 indomito
766 3639 817 3703 vel
840 3639 948 3721 potius
970 3639 1091 3701 inmani
1107 3636 1257 3720 deligitur

64 3745 165 3824 aliqui
199 3741 385 3826 plerumque
420 3739 484 3805 dux
519 3741 631 3805 eontra
664 3743 736 3807 illos
774 3743 936 3828 prinoipes
959 3741 1105 3807 adflictos
1140 3746 1256 3808 iamet

65 3847 218 3930 depulsos
248 3847 319 3910 loeo
341 3845 456 3925 andan,
480 3848 632 3929 impurus,
667 3853 854 3934 oonseetans
877 3854 1025 3931 proterve
1055 3848 1136 3912 bene
1160 3866 1256 3931 saepe
1364 3843 1367 3852 ’

64 3950 101 4015 de
125 3970 160 4014 re
184 3951 313 4035 publiea
336 3952 474 4032 meritos,
506 3951 623 4034 populo
647 3947 829 4034 gratificans
854 3957 886 4016 et
908 3952 1014 4018 aliena
1039 3959 1069 4018 et
1093 3970 1168 4036 sua3
1205 3955 1255 4019 eui
