2986 4334
200 175 244 237 42
598 177 730 225 mum
748 176 873 240 seponis
894 178 933 230 Π.
954 177 993 229 18.

304 382 351 447 nx
376 403 439 465 quo
462 382 569 448 omnis
590 383 667 448 milri
684 381 914 466 contemplanti
937 382 1102 466 prueolere
1124 389 1232 446 cetera
1255 387 1287 443 et
1302 379 1397 444 mire-

201 487 275 553 biliu
306 486 507 553 videbantur.
553 487 653 552 Erunt
675 493 783 552 autem
813 507 872 552 ene
894 487 1018 555 stellae
1053 506 1132 568 quus
1154 503 1330 568 numquam
1351 505 1395 548 ex

200 591 260 656 hoe
283 591 353 656 loeo
369 589 518 659 vidimus.
542 604 574 656 et
598 611 657 657 ese
673 590 914 676 magnitudines
937 592 1088 659 omnium.
1113 609 1193 672 quus
1208 607 1282 656 esse
1302 609 1396 654 num-

199 715 295 778 quam
318 695 471 780 suspicati
496 715 614 760 sumus.
645 696 824 777 exquibus
848 705 916 760 erat
939 717 978 761 eo
1001 695 1140 774 minimas¹
1174 714 1256 776 qune
1279 693 1396 758 ultime

198 821 219 864 e
241 799 341 866 eaelo.
366 799 475 864 citima
490 799 585 864 terris
607 801 679 864 luoe
694 800 823 866 luoebst
845 799 962 864 nlieua.
985 799 1158 864 Stellsrum
1171 805 1279 862 sutem
1302 799 1395 882 globi

199 913 302 969 terroe
326 903 581 988 magnitudinem
603 904 700 970 tuelle
722 904 905 970 vincebant.
951 905 1021 970 lum
1043 904 1116 990 ipse
1138 911 1224 968 terre
1244 902 1293 966 itu
1314 901 1395 966 mihi

200 1029 301 1094 parve
323 1007 395 1074 vise
417 1015 477 1088 est,
513 1017 547 1073 ut
570 1029 622 1075 mo
643 1009 771 1093 imperii
792 1010 904 1090 nostri,
940 1029 1004 1092 (ruo
1026 1008 1118 1091 quusi
1148 1013 1300 1093 punctum
1323 1005 1395 1071 eius

199 1113 396 1196 attingimus,
420 1113 612 1198 poeniteret.

151 1247 181 1296 ιτ
309 1233 413 1310 Quem
451 1254 525 1300 oum
563 1237 669 1319 magis
706 1236 855 1302 intuerer.
895 1235 1033 1312 Quaeso.
1071 1236 1176 1315 inquit
1211 1234 1393 1309 Africanae,

199 1359 365 1426 quousque
394 1339 484 1408 humi
506 1341 615 1408 delixa
643 1351 701 1408 tue
722 1345 918 1409 meuserit?
951 1344 1067 1408 Nonne
1090 1343 1218 1426 aspicis,
1254 1357 1338 1422 quae
1360 1338 1394 1402 iu

199 1445 319 1530 temple
332 1444 484 1512 ueneris?
507 1448 631 1512 Novem
647 1447 707 1512 tibi
722 1448 854 1513 orbibus
870 1449 922 1513 vel
937 1448 1045 1532 potius
1060 1446 1165 1530 globis
1180 1461 1305 1510 eonexe
1321 1450 1396 1507 sunt

199 1550 314 1616 omniu
361 1551 503 1628 Quorum
526 1572 609 1618 unus
624 1559 674 1618 est
696 1553 855 1634 eoelestis,
878 1553 1027 1631 extimus,
1051 1554 1106 1634 qui
1127 1550 1268 1630 reliquos
1282 1567 1396 1612 ornnes

199 1654 432 1738 complectitur,
456 1675 598 1722 nummus
620 1657 691 1742 ipse
713 1657 792 1723 deus
813 1677 927 1722 eruens
951 1665 983 1722 et
1005 1658 1172 1722 eontinens
1195 1659 1328 1731 eeteros,
1360 1653 1395 1714 in

199 1777 262 1839 quo
285 1765 358 1824 sunt
379 1757 470 1824 infixi
492 1760 551 1838 illi,
582 1763 637 1842 qui
660 1763 840 1842 volvuntur,
872 1761 1035 1827 stellarum
1058 1779 1171 1825 oursus
1193 1755 1395 1842 sempiterni.
1479 1797 1480 1844 3

200 1860 259 1926 (ini
282 1863 418 1928 subieeti
452 1873 526 1929 sunt
556 1872 687 1950 septem,
722 1867 774 1948 qui
805 1873 973 1932 versemur
1004 1871 1091 1930 retro
1114 1862 1271 1928 oontrurio
1303 1867 1395 1926 motu
1438 1902 1441 1912 -

200 1973 297 2050 utque
320 1967 454 2034 oeelum.
500 1969 550 2033 Ex
573 1969 690 2052 quibus
713 1990 813 2036 nuum
835 1972 967 2054 globum
982 1969 1126 2055 possidet
1148 1968 1215 2047 ille,
1239 1985 1335 2049 quem
1358 1967 1395 2030 in

199 2073 292 2138 terrio
309 2069 493 2137 Saturnium
508 2075 680 2138 nominent
727 2073 855 2140 Deinde
878 2083 926 2140 est
949 2074 1113 2139 hominurn
1131 2070 1241 2156 generi
1264 2087 1396 2155 prospe·

199 2195 253 2241 rus
275 2183 309 2241 et
331 2176 480 2242 saluteris
502 2176 558 2242 ille
580 2177 696 2262 fulgor,
721 2182 776 2261 qni
798 2180 916 2244 dieitur
938 2179 1040 2253 Iovis;
1072 2187 1139 2242 tum
1160 2171 1275 2242 rutilus
1297 2173 1398 2238 horri-

200 2279 337 2364 bilisque
359 2280 463 2361 terris,
498 2301 593 2363 quem
614 2281 763 2348 Martium
798 2283 915 2348 diuitis.
962 2282 1090 2347 Deinde
1113 2280 1222 2346 subter
1254 2277 1397 2344 mediam

200 2383 269 2449 iere
282 2384 447 2466 regionem
470 2386 519 2449 sol
535 2385 667 2467 obtinet,
692 2387 757 2452 dux
774 2395 806 2452 et
821 2387 971 2471 prinoeps
994 2394 1026 2451 et
1042 2384 1224 2450 moderator
1237 2381 1398 2448 luminum

200 2487 405 2571 reliquorum,
439 2508 530 2554 meus
552 2489 663 2555 mundi
694 2499 725 2556 et
747 2491 944 2576 temperatio,
980 2497 1069 2556 touta
1093 2487 1324 2571 magnitudine,
1359 2494 1399 2551 ut

200 2599 316 2657 ennete
349 2575 503 2657 sue'luoe
538 2594 652 2658 lustret
674 2601 705 2659 et
741 2595 910 2680 complent.
957 2594 1053 2658 Hune
1075 2600 1110 2657 ut
1133 2591 1263 2658 eomites
1285 2611 1398 2656 eonse-

200 2703 340 2779 qunntur
362 2697 498 2762 Veneris
521 2697 612 2778 alter,
635 2697 718 2763 alter
740 2699 887 2764 Meronrii
911 2719 1032 2771 oureus,
1064 2697 1098 2762 iu
1121 2697 1293 2778 infimoque
1317 2695 1397 2760 orbe

200 2801 274 2865 luna
297 2799 397 2866 radiis
421 2800 497 2866 solis
512 2820 649 2867 aceensa
672 2809 874 2884 convertitur
913 2804 1003 2868 Infra
1030 2801 1217 2867 antemium
1238 2797 1320 2862 nihil
1343 2807 1396 2864 est

199 2903 261 2970 niel
284 2903 418 2970 mortale
440 2911 472 2969 et
501 2904 657 2971 eeduoum
680 2913 806 2992 praeter
839 2909 962 2973 animos
985 2927 1116 2972 munere
1139 2906 1272 2971 deorum
1293 2902 1394 2967 homi-

198 3029 272 3074 uum
295 3011 408 3092 generi
432 3006 536 3090 datos,
567 3029 664 3094 supru
686 3012 795 3076 lunum
824 3019 899 3077 sunt
920 3019 1053 3076 aeterne
1076 3013 1188 3075 omniu.
1235 3007 1319 3072 Nem
1341 3025 1391 3088 ee,

198 3133 280 3194 quoe
303 3120 351 3178 est
374 3113 482 3178 medie
515 3121 548 3178 et
569 3134 665 3193 none,
697 3114 802 3196 tellus,
837 3134 942 3197 neque
964 3123 1111 3180 movetur
1144 3121 1175 3180 et
1197 3110 1307 3176 intime
1330 3116 1390 3190 est,

198 3215 285 3282 etin
308 3237 379 3282 eam
402 3217 546 3282 feruutur
569 3218 677 3284 omnia
698 3225 777 3284 nutu
800 3239 858 3284 suo
880 3218 1034 3305 pondere
1479 3201 1480 3210 ἵ

150 3349 179 3399 18
303 3339 394 3417 Quae
418 3357 489 3404 oum
512 3341 654 3404 intuerer
676 3345 817 3423 stupens,
840 3347 875 3404 ut
897 3360 948 3404 me
971 3343 1088 3424 recepi,
1113 3338 1221 3416 Quid?
1254 3335 1315 3417 hio,
1348 3337 1393 3400 in·
1479 3363 1480 3382 1

198 3462 302 3525 quem,
327 3443 398 3525 quis
425 3449 483 3523 est,
518 3444 574 3525 qui
598 3443 738 3528 complet
771 3463 863 3510 aures
886 3463 975 3510 meus
1007 3450 1115 3509 tantus
1139 3450 1171 3507 et
1200 3449 1266 3506 tem
1288 3441 1394 3508 duleis

199 3545 321 3612 sonus?
345 3547 408 3612 Hie
431 3553 489 3629 est,
514 3550 627 3630 inquit,
647 3546 713 3629 ille,
729 3548 785 3630 qui
807 3548 983 3615 intervallis
1006 3547 1182 3614 disiunctus
1205 3545 1392 3632 imparibus.

200 3651 257 3717 sed
287 3657 394 3718 temen
428 3670 485 3736 pro
515 3657 585 3716 ruta
615 3657 708 3737 parte
737 3654 858 3718 ratione
888 3652 1047 3720 distinetis
1077 3652 1217 3736 impulsu
1247 3657 1279 3715 et
1304 3657 1392 3716 motu

197 3756 341 3841 ipsorum
357 3754 482 3821 orbium
498 3755 636 3822 edicitur
651 3763 683 3820 et
701 3763 807 3823 acute,
820 3775 892 3823 oum
908 3757 1062 3840 gravibus
1080 3762 1265 3840 temperans
1283 3756 1393 3821 varios

196 3859 406 3942 aequabiliter
429 3865 601 3924 ooneeutus
625 3858 732 3924 efficit.
767 3859 835 3925 Nee
852 3861 936 3924 euim
959 3859 1086 3924 silentio
1108 3860 1188 3924 tanti
1213 3863 1319 3924 motus
1342 3860 1387 3924 in-
